agg_trade_id,price,quantity,first_trade_id,last_trade_id,transact_time,is_buyer_maker
272321099,70942.40,0.0021,474638084,474638084,1776001781409,False
272321100,70942.40,0.0140,474638085,474638085,1776001781716,False
272321101,70940.10,0.0030,474638086,474638086,1776001781974,True
272321102,70942.40,0.0018,474638087,474638087,1776001783715,False
272321103,70942.40,0.0691,474638088,474638089,1776001784464,False
272321104,70942.40,0.0035,474638090,474638091,1776001785197,False
272321105,70942.40,0.0048,474638092,474638093,1776001785484,False
272321106,70942.40,0.0037,474638094,474638095,1776001786420,False
272321107,70941.70,0.0032,474638096,474638097,1776001787347,True
272321108,70942.40,0.0016,474638098,474638098,1776001787999,False
272321109,70942.40,0.0015,474638099,474638099,1776001788145,False
272321110,70942.40,0.0021,474638100,474638100,1776001788397,False
272321111,70941.70,0.0030,474638101,474638103,1776001788483,True
272321112,70942.40,0.0016,474638104,474638104,1776001788664,False
272321113,70941.90,0.0018,474638105,474638105,1776001789476,False
272321114,70941.90,0.0018,474638106,474638106,1776001790002,False
272321115,70941.90,0.0004,474638107,474638107,1776001790372,False
272321116,70942.40,0.0013,474638108,474638108,1776001790372,False
272321117,70942.40,0.0020,474638109,474638109,1776001790702,False
272321118,70942.40,0.0030,474638110,474638110,1776001790859,False
272321119,70942.40,0.0024,474638111,474638111,1776001791417,False
272321120,70942.40,0.0018,474638112,474638112,1776001791974,False
272321121,70941.90,0.0050,474638113,474638114,1776001792147,False
272321122,70942.40,0.0587,474638115,474638115,1776001792247,False
272321123,70942.70,0.3750,474638116,474638117,1776001792247,False
272321124,70942.80,2.0633,474638118,474638118,1776001792247,False
272321125,70942.80,0.0020,474638119,474638119,1776001792410,False
272321126,70942.80,0.0023,474638120,474638120,1776001793171,False
272321127,70942.80,0.0023,474638121,474638121,1776001793458,False
272321128,70942.80,0.0018,474638122,474638122,1776001793746,False
272321129,70942.80,0.0023,474638123,474638123,1776001794046,False
272321130,70942.80,0.0020,474638124,474638124,1776001794746,False
272321131,70941.70,0.0013,474638125,474638125,1776001794837,True
272321132,70940.20,0.0003,474638126,474638126,1776001794837,True
272321133,70942.80,0.0017,474638127,474638127,1776001795248,False
272321134,70942.80,0.0020,474638128,474638128,1776001795575,False
272321135,70942.80,0.0020,474638129,474638129,1776001795808,False
272321136,70942.80,0.4795,474638130,474638130,1776001796208,False
272321137,70942.50,0.0030,474638131,474638131,1776001796289,True
272321138,70942.80,0.0015,474638132,474638132,1776001796324,False
272321139,70942.80,0.0019,474638133,474638133,1776001796623,False
272321140,70942.50,0.0030,474638134,474638134,1776001796876,True
272321141,70942.80,0.0040,474638135,474638136,1776001797928,False
272321142,70942.80,0.0039,474638137,474638138,1776001798205,False
272321143,70942.80,0.0040,474638139,474638139,1776001798593,False
272321144,70942.50,0.0018,474638140,474638140,1776001798836,True
272321145,70942.50,0.0020,474638141,474638141,1776001799206,True
272321146,70942.80,0.0020,474638142,474638142,1776001799295,False
272321147,70942.80,0.0042,474638143,474638144,1776001799569,False
272321148,70942.80,0.0022,474638145,474638145,1776001800088,False
272321149,70942.80,0.0019,474638146,474638146,1776001800318,False
272321150,70942.80,0.0019,474638147,474638147,1776001800465,False
272321151,70942.80,0.0040,474638148,474638148,1776001800929,False
272321152,70942.80,0.0017,474638149,474638149,1776001801297,False
272321153,70942.80,0.0016,474638150,474638150,1776001801792,False
272321154,70942.80,0.0018,474638151,474638151,1776001802166,False
272321155,70942.80,0.0018,474638152,474638152,1776001802678,False
272321156,70942.80,0.0023,474638153,474638153,1776001803169,False
272321157,70942.80,0.0020,474638154,474638154,1776001803465,False
272321158,70942.80,0.0017,474638155,474638155,1776001803605,False
272321159,70942.80,0.0018,474638156,474638156,1776001804199,False
272321160,70942.80,0.0156,474638157,474638158,1776001804378,False
272321161,70942.80,0.0318,474638159,474638161,1776001804695,False
272321162,70942.80,0.0019,474638162,474638162,1776001805363,False
272321163,70942.80,0.0023,474638163,474638163,1776001805681,False
272321164,70942.80,0.0023,474638164,474638164,1776001806024,False
272321165,70942.80,0.0020,474638165,474638165,1776001806658,False
272321166,70942.80,0.0022,474638166,474638166,1776001807019,False
272321167,70942.50,0.0018,474638167,474638167,1776001807643,True
272321168,70942.80,0.0022,474638168,474638168,1776001807905,False
272321169,70942.80,0.0017,474638169,474638169,1776001808016,False
272321170,70942.50,0.1756,474638170,474638171,1776001808228,True
272321171,70942.40,1.8244,474638172,474638172,1776001808228,True
272321172,70942.40,0.0030,474638173,474638173,1776001808413,True
272321173,70942.80,0.0022,474638174,474638174,1776001808596,False
272321174,70942.80,0.4073,474638175,474638175,1776001808820,False
272321175,70942.80,0.0024,474638176,474638176,1776001809254,False
272321176,70942.80,0.0060,474638177,474638177,1776001809542,False
272321177,70942.40,0.4602,474638178,474638178,1776001809970,True
272321178,70942.80,0.0016,474638179,474638179,1776001809985,False
272321179,70942.80,0.0020,474638180,474638180,1776001810099,False
272321180,70942.80,0.0021,474638181,474638181,1776001810586,False
272321181,70942.80,0.0674,474638182,474638182,1776001810889,False
272321182,70942.80,0.0018,474638183,474638183,1776001811364,False
272321183,70942.80,0.0017,474638184,474638184,1776001811804,False
272321184,70942.40,0.4138,474638185,474638185,1776001812171,True
272321185,70942.80,0.0021,474638186,474638186,1776001812844,False
272321186,70942.80,0.0016,474638187,474638187,1776001813045,False
272321187,70942.40,0.0060,474638188,474638188,1776001813303,True
272321188,70942.40,3.8945,474638189,474638189,1776001813469,True
272321189,70942.80,0.0079,474638190,474638191,1776001813472,False
272321190,70942.40,0.0060,474638192,474638192,1776001813770,True
272321191,70942.80,0.0078,474638193,474638194,1776001814007,False
272321192,70942.40,0.1917,474638195,474638196,1776001814217,True
272321193,70942.70,0.0022,474638197,474638197,1776001814354,False
272321194,70942.40,0.0060,474638198,474638198,1776001814467,True
272321195,70942.70,0.1853,474638199,474638200,1776001814537,False
272321196,70942.80,0.2749,474638201,474638201,1776001814537,False
272321197,70942.80,0.0023,474638202,474638202,1776001814676,False
272321198,70942.80,0.0019,474638203,474638203,1776001815027,False
272321199,70942.40,0.0021,474638204,474638204,1776001815096,True
272321200,70942.80,0.2429,474638205,474638205,1776001815258,False
272321201,70942.80,0.0060,474638206,474638206,1776001815409,False
272321202,70942.80,0.0023,474638207,474638207,1776001815654,False
272321203,70942.80,0.0017,474638208,474638208,1776001815985,False
272321204,70942.40,0.0406,474638209,474638209,1776001816233,True
272321205,70942.80,0.0106,474638210,474638210,1776001816355,False
272321206,70942.80,0.0045,474638211,474638212,1776001816711,False
272321207,70942.80,0.0020,474638213,474638213,1776001817178,False
272321208,70942.40,0.0060,474638214,474638214,1776001817648,True
272321209,70942.80,0.0563,474638215,474638215,1776001817686,False
272321210,70942.80,0.0021,474638216,474638216,1776001818041,False
272321211,70942.80,0.0036,474638217,474638218,1776001818448,False
272321212,70942.80,0.0084,474638219,474638220,1776001818640,False
272321213,70942.40,0.0030,474638221,474638221,1776001818872,True
272321214,70942.80,0.0142,474638222,474638224,1776001818951,False
272321215,70942.80,0.0038,474638225,474638226,1776001819813,False
272321216,70942.80,0.0040,474638227,474638228,1776001820007,False
272321217,70942.50,0.1840,474638229,474638230,1776001820505,True
272321218,70942.70,0.1758,474638231,474638232,1776001820535,False
272321219,70942.70,0.0080,474638233,474638233,1776001821012,False
272321220,70942.80,0.5996,474638234,474638234,1776001821012,False
272321221,70942.80,0.0016,474638235,474638235,1776001821135,False
272321222,70942.80,0.0021,474638236,474638236,1776001821846,False
272321223,70942.80,0.0020,474638237,474638237,1776001822424,False
272321224,70942.50,0.0035,474638238,474638238,1776001823646,True
272321225,70942.80,0.0050,474638239,474638240,1776001823747,False
272321226,70942.50,0.0060,474638241,474638241,1776001825401,True
272321227,70942.80,0.0035,474638242,474638242,1776001825903,False
272321228,70942.50,0.0020,474638243,474638243,1776001828875,True
272321229,70942.80,0.0019,474638244,474638244,1776001829003,False
272321230,70942.50,0.0035,474638245,474638245,1776001829155,True
272321231,70942.50,0.0016,474638246,474638246,1776001830095,True
272321232,70942.50,0.0040,474638247,474638247,1776001831680,True
272321233,70942.80,0.0060,474638248,474638248,1776001832237,False
272321234,70942.80,0.0039,474638249,474638250,1776001832651,False
272321235,70942.50,0.0060,474638251,474638251,1776001833304,True
272321236,70942.80,0.0019,474638252,474638252,1776001833329,False
272321237,70942.50,0.0090,474638253,474638253,1776001833622,True
272321238,70942.80,0.1840,474638254,474638254,1776001833760,False
272321239,70942.80,0.0017,474638255,474638255,1776001834164,False
272321240,70942.80,0.0076,474638256,474638257,1776001834415,False
272321241,70942.50,0.0060,474638258,474638258,1776001834650,True
272321242,70942.80,0.0060,474638259,474638259,1776001835832,False
272321243,70942.80,0.0030,474638260,474638260,1776001836064,False
272321244,70942.50,0.0020,474638261,474638261,1776001836923,True
272321245,70942.50,0.0030,474638262,474638262,1776001837294,True
272321246,70942.80,0.1097,474638263,474638264,1776001839048,False
272321247,70942.80,10.0000,474638265,474638265,1776001839248,False
272321248,70942.50,0.0020,474638266,474638266,1776001839541,True
272321249,70942.50,0.0030,474638267,474638267,1776001842161,True
272321250,70942.80,0.0030,474638268,474638268,1776001843029,False
272321251,70942.50,0.0030,474638269,474638269,1776001843260,True
272321252,70942.80,0.0020,474638270,474638270,1776001843460,False
272321253,70942.50,0.0020,474638271,474638271,1776001844757,True
272321254,70942.80,0.0280,474638272,474638272,1776001844856,False
272321255,70942.50,0.0019,474638273,474638273,1776001845216,True
272321256,70942.80,0.0035,474638274,474638274,1776001847796,False
272321257,70942.80,0.0030,474638275,474638275,1776001849636,False
272321258,70942.50,0.0020,474638276,474638276,1776001849946,True
272321259,70942.50,0.1268,474638277,474638278,1776001853693,True
272321260,70942.40,0.0020,474638279,474638279,1776001855175,True
272321261,70942.40,0.0690,474638280,474638280,1776001857203,True
272321262,70942.40,0.0690,474638281,474638281,1776001858934,True
272321263,70942.40,0.0020,474638282,474638282,1776001859895,True
272321264,70942.40,0.0715,474638283,474638283,1776001862549,True
272321265,70942.40,0.0035,474638284,474638284,1776001863619,True
272321266,70942.50,0.0016,474638285,474638285,1776001864181,False
272321267,70942.40,0.0020,474638286,474638286,1776001865270,True
272321268,70942.40,0.0140,474638287,474638287,1776001868108,True
272321269,70942.40,0.0016,474638288,474638288,1776001869679,True
272321270,70942.50,0.0020,474638289,474638289,1776001870449,False
272321271,70942.50,0.0070,474638290,474638290,1776001873306,False
272321272,70942.50,0.0059,474638291,474638291,1776001874879,False
272321273,70942.50,0.0020,474638292,474638292,1776001875444,False
272321274,70942.40,0.0046,474638293,474638294,1776001877097,True
272321275,70942.50,0.1120,474638295,474638295,1776001877509,False
272321276,70942.70,0.1973,474638296,474638298,1776001877509,False
272321277,70942.80,3.2094,474638299,474638299,1776001877509,False
272321278,70942.50,0.0350,474638300,474638300,1776001880513,True
272321279,70942.80,0.0020,474638301,474638301,1776001880570,False
272321280,70942.50,0.0085,474638302,474638302,1776001880673,True
272321281,70942.70,0.0030,474638303,474638303,1776001881445,False
272321282,70942.50,0.0060,474638304,474638304,1776001881853,True
272321283,70942.70,0.0016,474638305,474638305,1776001882997,False
272321284,70942.70,0.0060,474638306,474638307,1776001884649,False
272321285,70942.50,0.0060,474638308,474638308,1776001884895,True
272321286,70942.70,0.0020,474638309,474638309,1776001885643,False
272321287,70942.70,0.0060,474638310,474638310,1776001886439,False
272321288,70942.40,0.0024,474638311,474638311,1776001886574,True
272321289,70942.60,0.0024,474638313,474638313,1776001886905,True
272321290,70942.40,0.0015,474638314,474638314,1776001887760,True
272321291,70942.40,0.0018,474638315,474638315,1776001888630,True
272321292,70942.40,0.0019,474638316,474638316,1776001888988,True
272321293,70942.40,0.0022,474638317,474638317,1776001889128,True
272321294,70942.40,0.0022,474638318,474638318,1776001889346,True
272321295,70942.70,0.0030,474638319,474638319,1776001889576,False
272321296,70942.40,0.0030,474638320,474638320,1776001889809,True
272321297,70942.40,0.0016,474638321,474638321,1776001889951,True
272321298,70942.40,0.0020,474638322,474638322,1776001890318,True
272321299,70942.70,0.0016,474638323,474638323,1776001890362,False
272321300,70942.70,0.0020,474638324,474638324,1776001890610,False
272321301,70942.40,0.0024,474638325,474638325,1776001890792,True
272321302,70942.70,0.0723,474638326,474638328,1776001891052,False
272321303,70942.80,0.4277,474638329,474638329,1776001891052,False
272321304,70942.40,0.5201,474638330,474638330,1776001891052,True
272321305,70942.80,0.0134,474638331,474638332,1776001891057,False
272321306,70942.80,0.0120,474638333,474638333,1776001891279,False
272321307,70942.40,0.3201,474638334,474638337,1776001891491,True
272321308,70942.20,0.0165,474638338,474638338,1776001891506,True
272321309,70940.20,0.3580,474638339,474638341,1776001891506,True
272321310,70940.10,2.8265,474638342,474638342,1776001891506,True
272321311,70940.10,0.0023,474638343,474638343,1776001891683,True
272321312,70940.10,7.4731,474638344,474638344,1776001891841,True
272321313,70940.10,0.0017,474638345,474638345,1776001892791,True
272321314,70940.10,0.0020,474638346,474638346,1776001892938,True
272321315,70942.70,0.0216,474638347,474638348,1776001893050,False
272321316,70942.70,0.0030,474638349,474638349,1776001893218,False
272321317,70940.20,0.0245,474638350,474638350,1776001893366,True
272321318,70940.10,12.2577,474638351,474638351,1776001893366,True
272321319,70940.10,0.0020,474638352,474638352,1776001894352,True
272321320,70942.70,0.1411,474638353,474638353,1776001894495,False
272321321,70940.20,0.1411,474638354,474638354,1776001895153,True
272321322,70940.10,0.0016,474638355,474638355,1776001895187,True
272321323,70940.10,0.0015,474638356,474638356,1776001895302,True
272321324,70942.70,0.0155,474638357,474638357,1776001895311,False
272321325,70940.20,0.0024,474638358,474638358,1776001895370,True
272321326,70942.70,0.0020,474638359,474638359,1776001895617,False
272321327,70940.20,0.0151,474638360,474638361,1776001895684,True
272321328,70940.10,0.0004,474638362,474638362,1776001895684,True
272321329,70940.10,0.0016,474638363,474638363,1776001895902,True
272321330,70940.10,0.0039,474638364,474638365,1776001896700,True
272321331,70940.10,0.0032,474638366,474638367,1776001897107,True
272321332,70942.40,0.0281,474638368,474638368,1776001897703,False
272321333,70942.70,0.1130,474638369,474638369,1776001897703,False
272321334,70940.20,0.1130,474638370,474638370,1776001898025,True
272321335,70940.10,0.5341,474638371,474638372,1776001898025,True
272321336,70940.10,0.0100,474638373,474638373,1776001898883,True
272321337,70940.10,0.0044,474638374,474638375,1776001899205,True
272321338,70940.10,0.0023,474638376,474638376,1776001899662,True
272321339,70942.70,0.0332,474638377,474638378,1776001900015,False
272321340,70940.20,0.0041,474638379,474638380,1776001900545,True
272321341,70942.70,0.1411,474638381,474638381,1776001900601,False
272321342,70940.20,0.0039,474638382,474638383,1776001901117,True
272321343,70940.20,0.0019,474638386,474638386,1776001901261,True
272321344,70942.70,0.0070,474638387,474638387,1776001901666,False
272321345,70940.20,0.0019,474638388,474638388,1776001902108,True
272321346,70942.70,0.2130,474638389,474638390,1776001902183,False
272321347,70940.20,0.0016,474638391,474638391,1776001902585,True
272321348,70940.20,0.0024,474638392,474638392,1776001903095,True
272321349,70940.20,0.0018,474638393,474638393,1776001903295,True
272321350,70942.70,0.1112,474638394,474638394,1776001903764,False
272321351,70942.80,0.0299,474638395,474638395,1776001903764,False
272321352,70940.20,0.0016,474638396,474638396,1776001903945,True
272321353,70942.70,0.0016,474638397,474638397,1776001904111,False
272321354,70942.80,0.0014,474638398,474638398,1776001904111,False
272321355,70940.20,0.0020,474638399,474638399,1776001904259,True
272321356,70940.20,0.1416,474638400,474638401,1776001904528,True
272321357,70940.10,0.0032,474638402,474638403,1776001904614,True
272321358,70940.10,0.0018,474638404,474638404,1776001905170,True
272321359,70940.10,0.0030,474638405,474638405,1776001905409,True
272321360,70940.10,0.0017,474638406,474638406,1776001906194,True
272321361,70940.10,0.0036,474638407,474638408,1776001906479,True
272321362,70942.70,0.1411,474638409,474638409,1776001906648,False
272321363,70940.20,0.0019,474638410,474638410,1776001906695,True
272321364,70940.20,0.0035,474638411,474638412,1776001907069,True
272321365,70940.20,0.1357,474638413,474638413,1776001907280,True
272321366,70940.10,0.0054,474638414,474638414,1776001907280,True
272321367,70940.10,0.0024,474638415,474638415,1776001908663,True
272321368,70940.10,0.0036,474638416,474638417,1776001908786,True
272321369,70942.70,0.0030,474638418,474638418,1776001909339,False
272321370,70942.70,0.1405,474638419,474638419,1776001909528,False
272321371,70942.80,0.0006,474638420,474638420,1776001909528,False
272321372,70940.20,0.0021,474638421,474638421,1776001909660,True
272321373,70940.20,0.1413,474638422,474638423,1776001909856,True
272321374,70940.10,0.0020,474638424,474638424,1776001909866,True
272321375,70942.70,0.0016,474638425,474638425,1776001909942,False
272321376,70940.20,0.0016,474638426,474638426,1776001910318,True
272321377,70940.10,0.0005,474638427,474638427,1776001910318,True
272321378,70940.10,0.0020,474638428,474638428,1776001910711,True
272321379,70940.10,0.0019,474638429,474638429,1776001910925,True
272321380,70940.10,0.0023,474638430,474638430,1776001911710,True
272321381,70940.10,0.0018,474638431,474638431,1776001911941,True
272321382,70940.10,0.0017,474638432,474638432,1776001912405,True
272321383,70942.70,0.1411,474638433,474638433,1776001912720,False
272321384,70940.20,0.0015,474638434,474638434,1776001912845,True
272321385,70940.20,0.0045,474638435,474638436,1776001913139,True
272321386,70940.20,0.1351,474638437,474638437,1776001913364,True
272321387,70940.10,0.0060,474638438,474638438,1776001913364,True
272321388,70942.70,0.0060,474638439,474638439,1776001913370,False
272321389,70940.20,0.0032,474638440,474638441,1776001914151,True
272321390,70940.20,0.0027,474638442,474638443,1776001914495,True
272321391,70940.10,0.0054,474638444,474638444,1776001914530,True
272321392,70942.70,0.1432,474638445,474638445,1776001914893,False
272321393,70942.80,3.2779,474638446,474638446,1776001914893,False
272321394,70942.80,0.0060,474638447,474638447,1776001915144,False
272321395,70940.20,0.0017,474638448,474638448,1776001915585,True
272321396,70940.20,0.0020,474638449,474638449,1776001915794,True
272321397,70940.20,0.0068,474638450,474638450,1776001916128,True
272321398,70940.20,0.0016,474638451,474638451,1776001916459,True
272321399,70940.20,0.0531,474638452,474638452,1776001916575,True
272321400,70940.20,0.0023,474638453,474638453,1776001916871,True
272321401,70940.20,0.0021,474638454,474638454,1776001917158,True
272321402,70940.20,0.0021,474638455,474638455,1776001917411,True
272321403,70940.20,0.0020,474638456,474638456,1776001918702,True
272321404,70940.20,0.0087,474638457,474638458,1776001918855,True
272321405,70940.20,0.0037,474638459,474638460,1776001919153,True
272321406,70940.20,0.0020,474638461,474638461,1776001919501,True
272321407,70940.20,0.0015,474638462,474638462,1776001919936,True
272321408,70940.20,0.0016,474638463,474638463,1776001920071,True
272321409,70940.20,0.0015,474638464,474638464,1776001920564,True
272321410,70940.20,0.0020,474638465,474638465,1776001920811,True
272321411,70940.20,0.0020,474638466,474638466,1776001921155,True
272321412,70940.20,0.0022,474638467,474638467,1776001921484,True
272321413,70940.20,0.0092,474638468,474638469,1776001921645,True
272321414,70940.20,0.0021,474638470,474638470,1776001921890,True
272321415,70940.20,0.0060,474638471,474638471,1776001922134,True
272321416,70940.20,0.0018,474638472,474638472,1776001922418,True
272321417,70940.20,0.0022,474638473,474638473,1776001923221,True
272321418,70940.20,0.0015,474638474,474638474,1776001924081,True
272321419,70942.70,0.0030,474638475,474638475,1776001924555,False
272321420,70940.20,0.0017,474638476,474638476,1776001924964,True
272321421,70940.20,0.0100,474638477,474638477,1776001925673,True
272321422,70942.70,0.0260,474638478,474638479,1776001926098,False
272321423,70942.70,0.0028,474638480,474638480,1776001926929,False
272321424,70940.20,0.0030,474638481,474638481,1776001928320,True
272321425,70942.70,0.0060,474638482,474638482,1776001928575,False
272321426,70940.20,0.2476,474638483,474638484,1776001928584,True
272321427,70940.10,2.5524,474638485,474638485,1776001928584,True
272321428,70942.70,0.0020,474638486,474638486,1776001929475,False
272321429,70942.70,0.0406,474638487,474638487,1776001931025,False
272321430,70941.60,0.0060,474638488,474638488,1776001932088,True
272321431,70940.20,0.0426,474638489,474638489,1776001934104,True
272321432,70940.10,0.9574,474638490,474638490,1776001934104,True
272321433,70942.70,0.0185,474638491,474638491,1776001934267,False
272321434,70942.70,0.0020,474638492,474638492,1776001934936,False
272321435,70940.20,0.0205,474638493,474638494,1776001936524,True
272321436,70940.10,0.2795,474638495,474638495,1776001936524,True
272321437,70940.10,0.0030,474638496,474638496,1776001939934,True
272321438,70942.70,0.0020,474638497,474638497,1776001940123,False
272321439,70942.70,0.0030,474638498,474638498,1776001940400,False
272321440,70940.20,0.0050,474638499,474638499,1776001944487,True
272321441,70940.10,0.0019,474638500,474638500,1776001944487,True
272321442,70942.70,0.0020,474638501,474638501,1776001945669,False
272321443,70942.70,0.0016,474638502,474638502,1776001947388,False
272321444,70940.20,0.0030,474638503,474638503,1776001947467,True
272321445,70942.70,0.3727,474638504,474638505,1776001947564,False
272321446,70942.80,2.6473,474638506,474638506,1776001947564,False
272321447,70942.80,0.0030,474638507,474638507,1776001948231,False
272321448,70940.20,0.3731,474638508,474638509,1776001948753,True
272321449,70940.10,2.8416,474638510,474638510,1776001948753,True
272321450,70940.10,0.0053,474638511,474638511,1776001948963,True
272321451,70942.70,0.0030,474638512,474638512,1776001949287,False
272321452,70940.20,0.0030,474638513,474638513,1776001949898,True
272321453,70940.10,0.0007,474638514,474638514,1776001949898,True
272321454,70940.10,0.1439,474638515,474638516,1776001952056,True
272321455,70940.10,0.0016,474638517,474638517,1776001952891,True
272321456,70940.10,1.0000,474638518,474638518,1776001953011,True
272321457,70942.70,0.0050,474638519,474638520,1776001955683,False
272321458,70940.10,0.0090,474638521,474638521,1776001955689,True
272321459,70940.20,0.0030,474638522,474638522,1776001957784,True
272321460,70942.70,0.0060,474638523,474638523,1776001958367,False
272321461,70940.20,0.0016,474638524,474638524,1776001958550,True
272321462,70942.50,0.0008,474638525,474638525,1776001960714,True
272321463,70942.50,0.0092,474638526,474638526,1776001961449,True
272321464,70940.20,0.0063,474638527,474638528,1776001961449,True
272321465,70940.20,0.0006,474638529,474638530,1776001961650,True
272321466,70940.20,0.0060,474638531,474638531,1776001962636,True
272321467,70940.20,0.1180,474638532,474638532,1776001965096,True
272321468,70942.70,0.0016,474638533,474638533,1776001966200,False
272321469,70942.50,0.0020,474638534,474638534,1776001968905,True
272321470,70942.50,0.0002,474638535,474638535,1776001969168,True
272321471,70942.50,0.0030,474638536,474638536,1776001969521,True
272321472,70942.70,0.0030,474638537,474638537,1776001971587,False
272321473,70942.50,0.0016,474638538,474638538,1776001971620,True
272321474,70942.50,0.0020,474638539,474638539,1776001974215,True
272321475,70942.70,0.3684,474638540,474638541,1776001975102,False
272321476,70942.80,0.4977,474638542,474638542,1776001975102,False
272321477,70942.50,0.0012,474638543,474638543,1776001975465,True
272321478,70940.20,0.0288,474638544,474638544,1776001975465,True
272321479,70940.20,0.0016,474638545,474638545,1776001976998,True
272321480,70940.20,0.0020,474638546,474638546,1776001979738,True
272321481,70942.80,0.7037,474638547,474638547,1776001982230,False
272321482,70940.20,0.3000,474638548,474638548,1776001984065,True
272321483,70940.20,0.0030,474638549,474638549,1776001984805,True
272321484,70942.70,0.0016,474638550,474638550,1776001985551,False
272321485,70942.70,0.0030,474638551,474638551,1776001986053,False
272321486,70940.20,0.3574,474638552,474638554,1776001987112,True
272321487,70940.20,0.0030,474638555,474638555,1776001987234,True
272321488,70942.60,0.0030,474638556,474638556,1776001992339,False
272321489,70940.20,0.0060,474638557,474638557,1776001993784,True
272321490,70940.20,0.1321,474638558,474638559,1776001999066,True
272321491,70940.10,6.4865,474638560,474638562,1776001999066,True
272321492,70942.60,0.3451,474638563,474638564,1776001999682,False
272321493,70942.60,0.0060,474638565,474638565,1776002000806,False
272321494,70940.20,0.0704,474638566,474638566,1776002002003,True
272321495,70942.60,0.0016,474638567,474638567,1776002003353,False
272321496,70942.60,0.0903,474638568,474638569,1776002006733,False
272321497,70942.70,0.7885,474638570,474638570,1776002006733,False
272321498,70942.70,0.0016,474638571,474638571,1776002009375,False
272321499,70941.60,0.0020,474638572,474638572,1776002014733,True
272321500,70940.20,0.0052,474638573,474638575,1776002014733,True
272321501,70940.20,0.0016,474638576,474638576,1776002014981,True
272321502,70940.20,0.0024,474638577,474638577,1776002016131,True
272321503,70940.20,0.0062,474638578,474638580,1776002016318,True
272321504,70940.20,0.3570,474638581,474638582,1776002016663,True
272321505,70940.10,0.6430,474638583,474638583,1776002016663,True
272321506,70940.10,0.0090,474638584,474638584,1776002017728,True
272321507,70942.70,0.0030,474638585,474638585,1776002017750,False
272321508,70940.10,0.0040,474638586,474638587,1776002017942,True
272321509,70940.10,0.0017,474638588,474638588,1776002018368,True
272321510,70940.10,0.0017,474638589,474638589,1776002018482,True
272321511,70940.10,0.0023,474638590,474638590,1776002019199,True
272321512,70940.10,0.0024,474638591,474638591,1776002019310,True
272321513,70940.10,0.0015,474638592,474638592,1776002019790,True
272321514,70940.10,0.0016,474638593,474638593,1776002020006,True
272321515,70942.70,0.2787,474638594,474638594,1776002020055,False
272321516,70940.10,0.0019,474638595,474638595,1776002020546,True
272321517,70940.10,0.0020,474638596,474638596,1776002021963,True
272321518,70940.10,0.0019,474638597,474638597,1776002022173,True
272321519,70940.10,0.0016,474638598,474638598,1776002022498,True
272321520,70940.10,0.0021,474638599,474638599,1776002022622,True
272321521,70940.10,0.0042,474638600,474638601,1776002023670,True
272321522,70940.10,0.0016,474638602,474638602,1776002024358,True
272321523,70940.10,0.0021,474638603,474638603,1776002024903,True
272321524,70940.10,0.0024,474638604,474638604,1776002025171,True
272321525,70940.10,0.0018,474638605,474638605,1776002025606,True
272321526,70940.10,0.0041,474638606,474638607,1776002025959,True
272321527,70940.10,0.0038,474638608,474638609,1776002027663,True
272321528,70940.10,0.0020,474638610,474638610,1776002027824,True
272321529,70940.10,0.0021,474638611,474638611,1776002028290,True
272321530,70940.10,0.0024,474638612,474638612,1776002028654,True
272321531,70940.10,0.0023,474638613,474638613,1776002029010,True
272321532,70940.10,0.0047,474638614,474638615,1776002029186,True
272321533,70942.70,0.0001,474638616,474638616,1776002029741,False
272321534,70940.10,0.0020,474638617,474638617,1776002029920,True
272321535,70940.10,0.0042,474638618,474638619,1776002030191,True
272321536,70940.10,0.0058,474638620,474638622,1776002031831,True
272321537,70940.10,0.0020,474638623,474638623,1776002033335,True
272321538,70940.10,0.0019,474638624,474638624,1776002033462,True
272321539,70942.70,0.0030,474638625,474638625,1776002033684,False
272321540,70940.10,0.0037,474638626,474638627,1776002033706,True
272321541,70942.70,0.0060,474638628,474638628,1776002033923,False
272321542,70940.10,0.0017,474638629,474638629,1776002033981,True
272321543,70940.10,0.0022,474638630,474638630,1776002034746,True
272321544,70942.70,0.0015,474638631,474638631,1776002034760,False
272321545,70940.10,0.0023,474638632,474638632,1776002035260,True
272321546,70940.10,0.0019,474638633,474638633,1776002035407,True
272321547,70940.10,0.0016,474638634,474638634,1776002035937,True
272321548,70940.10,0.0016,474638635,474638635,1776002036405,True
272321549,70940.10,0.0018,474638636,474638636,1776002037224,True
272321550,70940.10,0.0016,474638637,474638637,1776002037403,True
272321551,70940.10,0.0018,474638638,474638638,1776002037659,True
272321552,70940.10,0.0020,474638639,474638639,1776002037804,True
272321553,70940.10,0.0039,474638640,474638641,1776002038923,True
272321554,70940.10,0.0016,474638642,474638642,1776002039344,True
272321555,70940.10,0.0018,474638643,474638643,1776002039618,True
272321556,70940.10,0.0021,474638644,474638644,1776002040243,True
272321557,70940.10,0.0064,474638645,474638646,1776002040484,True
272321558,70940.10,0.0018,474638647,474638647,1776002041563,True
272321559,70940.10,0.0021,474638648,474638648,1776002041695,True
272321560,70940.10,0.0058,474638649,474638650,1776002042292,True
272321561,70940.10,0.0022,474638651,474638651,1776002042686,True
272321562,70940.10,0.0060,474638652,474638652,1776002042937,True
272321563,70940.10,0.0016,474638653,474638653,1776002043832,True
272321564,70940.10,0.0022,474638654,474638654,1776002044258,True
272321565,70940.10,0.0049,474638655,474638656,1776002044471,True
272321566,70940.10,0.0023,474638657,474638657,1776002044825,True
272321567,70940.10,0.0023,474638658,474638658,1776002045849,True
272321568,70940.10,0.0018,474638659,474638659,1776002045964,True
272321569,70942.70,0.0030,474638660,474638660,1776002046238,False
272321570,70940.10,0.0022,474638661,474638661,1776002046337,True
272321571,70940.10,0.0016,474638662,474638662,1776002047516,True
272321572,70940.10,0.0016,474638663,474638663,1776002047668,True
272321573,70940.10,1.3291,474638664,474638664,1776002047943,True
272321574,70940.10,0.0033,474638665,474638666,1776002048124,True
272321575,70940.10,0.0017,474638667,474638667,1776002048458,True
272321576,70940.10,0.0020,474638668,474638668,1776002048894,True
272321577,70940.10,0.0016,474638669,474638669,1776002049258,True
272321578,70942.70,0.0016,474638670,474638670,1776002049351,False
272321579,70940.10,0.0040,474638671,474638672,1776002049920,True
272321580,70940.10,0.0015,474638673,474638673,1776002050226,True
272321581,70942.70,0.0030,474638674,474638674,1776002050484,False
272321582,70940.10,0.0016,474638675,474638675,1776002050527,True
272321583,70940.10,0.3372,474638676,474638676,1776002051235,True
272321584,70942.70,0.0704,474638677,474638677,1776002051908,False
272321585,70940.10,0.0041,474638678,474638679,1776002052068,True
272321586,70940.10,0.0020,474638680,474638680,1776002052647,True
272321587,70940.10,0.0018,474638681,474638681,1776002053234,True
272321588,70940.10,0.0019,474638682,474638682,1776002053458,True
272321589,70940.10,0.0035,474638683,474638684,1776002054095,True
272321590,70940.10,0.0016,474638685,474638685,1776002054666,True
272321591,70940.10,0.0036,474638686,474638687,1776002055457,True
272321592,70940.10,0.0912,474638688,474638688,1776002055915,True
272321593,70940.10,0.0019,474638689,474638689,1776002056970,True
272321594,70940.10,0.0032,474638690,474638691,1776002057126,True
272321595,70940.10,0.0024,474638692,474638692,1776002057426,True
272321596,70940.10,0.0030,474638693,474638693,1776002057762,True
272321597,70940.10,0.0022,474638694,474638694,1776002058411,True
272321598,70940.10,0.0022,474638695,474638695,1776002058720,True
272321599,70940.10,0.0019,474638696,474638696,1776002059011,True
272321600,70940.10,0.0017,474638697,474638697,1776002059411,True
272321601,70940.10,0.6875,474638698,474638698,1776002059754,True
272321602,70940.10,0.0022,474638699,474638699,1776002060116,True
272321603,70940.10,0.0021,474638700,474638700,1776002060226,True
272321604,70940.10,0.0021,474638701,474638701,1776002061110,True
272321605,70940.10,0.0039,474638702,474638703,1776002061229,True
272321606,70940.10,0.0020,474638704,474638704,1776002061645,True
272321607,70940.10,0.0023,474638705,474638705,1776002062844,True
272321608,70940.10,0.0020,474638706,474638706,1776002063132,True
272321609,70940.10,0.0035,474638707,474638708,1776002063791,True
272321610,70940.10,0.0018,474638709,474638709,1776002064253,True
272321611,70940.10,0.0033,474638710,474638711,1776002064731,True
272321612,70940.10,0.0017,474638712,474638712,1776002065145,True
272321613,70940.10,0.0017,474638713,474638713,1776002066130,True
272321614,70940.10,0.0024,474638714,474638714,1776002066286,True
272321615,70940.10,0.0022,474638715,474638715,1776002066661,True
272321616,70940.10,0.0017,474638716,474638716,1776002066843,True
272321617,70942.70,0.0016,474638717,474638717,1776002067239,False
272321618,70940.10,0.0041,474638718,474638719,1776002068297,True
272321619,70940.10,0.0038,474638720,474638721,1776002068405,True
272321620,70942.70,0.2000,474638722,474638725,1776002068564,False
272321621,70940.20,0.0352,474638726,474638726,1776002068644,True
272321622,70940.20,0.1230,474638727,474638728,1776002069582,True
272321623,70940.10,0.5807,474638729,474638729,1776002069582,True
272321624,70940.10,0.0036,474638730,474638731,1776002069896,True
272321625,70940.10,0.0034,474638732,474638733,1776002070522,True
272321626,70940.10,0.0016,474638734,474638734,1776002071108,True
272321627,70940.10,0.0019,474638735,474638735,1776002071545,True
272321628,70940.10,0.0024,474638736,474638736,1776002072049,True
272321629,70940.10,0.0021,474638737,474638737,1776002072569,True
272321630,70940.10,0.0018,474638738,474638738,1776002072741,True
272321631,70942.70,0.0016,474638739,474638739,1776002073115,False
272321632,70940.20,0.0016,474638740,474638740,1776002073193,True
272321633,70940.10,0.0025,474638741,474638742,1776002073193,True
272321634,70940.10,0.0021,474638743,474638743,1776002074368,True
272321635,70940.10,0.0018,474638744,474638744,1776002074606,True
272321636,70940.10,0.0060,474638745,474638745,1776002075136,True
272321637,70940.10,0.0100,474638746,474638746,1776002075516,True
272321638,70940.10,0.0016,474638747,474638747,1776002075633,True
272321639,70940.10,0.0018,474638748,474638748,1776002076179,True
272321640,70940.10,0.0017,474638749,474638749,1776002076463,True
272321641,70942.70,0.0060,474638750,474638750,1776002076770,False
272321642,70940.20,0.0015,474638751,474638751,1776002077284,True
272321643,70940.20,0.0015,474638752,474638752,1776002077644,True
272321644,70940.20,0.0019,474638753,474638753,1776002078265,True
272321645,70940.20,0.0011,474638754,474638754,1776002078532,True
272321646,70940.10,0.0010,474638755,474638755,1776002078532,True
272321647,70940.10,0.0037,474638756,474638757,1776002078837,True
272321648,70940.10,0.0022,474638758,474638758,1776002079402,True
272321649,70940.10,0.0107,474638759,474638760,1776002079755,True
272321650,70940.10,0.0023,474638761,474638761,1776002079985,True
272321651,70940.10,0.1020,474638762,474638763,1776002080216,True
272321652,70940.10,0.0018,474638764,474638764,1776002080853,True
272321653,70940.10,0.0020,474638765,474638765,1776002080975,True
272321654,70940.10,0.0024,474638766,474638766,1776002081545,True
272321655,70942.70,0.0699,474638767,474638767,1776002082024,False
272321656,70940.20,0.0030,474638768,474638768,1776002082182,True
272321657,70940.20,0.0036,474638769,474638770,1776002082572,True
272321658,70940.20,0.0020,474638771,474638771,1776002083036,True
272321659,70942.70,0.3109,474638772,474638774,1776002084199,False
272321660,70942.80,1.6921,474638775,474638775,1776002084240,False
272321661,70940.20,0.0020,474638776,474638776,1776002084390,True
272321662,70940.20,0.0018,474638777,474638777,1776002084500,True
272321663,70940.20,0.0292,474638778,474638778,1776002084632,True
272321664,70940.20,0.0022,474638779,474638779,1776002084798,True
272321665,70942.70,0.0030,474638780,474638780,1776002084855,False
272321666,70940.20,0.0023,474638781,474638781,1776002084904,True
272321667,70940.20,0.0024,474638782,474638782,1776002085799,True
272321668,70940.20,0.0015,474638783,474638783,1776002085935,True
272321669,70942.70,0.0383,474638784,474638785,1776002086652,False
272321670,70942.80,3.4805,474638786,474638787,1776002086652,False
272321671,70940.20,0.0019,474638788,474638788,1776002087142,True
272321672,70940.20,0.0046,474638789,474638790,1776002087265,True
272321673,70940.20,0.0020,474638791,474638791,1776002088179,True
272321674,70940.20,0.0028,474638792,474638792,1776002088376,True
272321675,70940.20,0.0022,474638793,474638793,1776002088503,True
272321676,70940.20,0.0024,474638794,474638794,1776002088919,True
272321677,70940.20,0.0032,474638795,474638796,1776002089200,True
272321678,70940.20,0.0015,474638797,474638797,1776002089537,True
272321679,70940.20,0.0019,474638798,474638798,1776002089701,True
272321680,70940.20,0.0037,474638799,474638800,1776002090022,True
272321681,70940.20,0.0019,474638801,474638801,1776002090655,True
272321682,70940.20,0.1078,474638802,474638803,1776002091965,True
272321683,70942.70,0.1359,474638804,474638804,1776002092072,False
272321684,70942.80,0.0052,474638805,474638805,1776002092072,False
272321685,70940.20,0.1431,474638806,474638808,1776002092633,True
272321686,70940.20,0.2289,474638809,474638809,1776002092749,True
272321687,70940.10,0.0018,474638810,474638810,1776002093263,True
272321688,70940.10,0.0036,474638811,474638812,1776002094400,True
272321689,70940.10,0.0015,474638813,474638813,1776002094504,True
272321690,70940.10,0.0016,474638815,474638815,1776002095271,True
272321691,70940.10,0.0036,474638816,474638817,1776002095692,True
272321692,70940.20,0.0030,474638819,474638819,1776002096725,False
272321693,70940.10,0.0049,474638820,474638821,1776002096865,True
272321694,70940.10,0.0020,474638822,474638822,1776002097232,True
272321695,70940.10,0.0034,474638823,474638824,1776002097509,True
272321696,70940.10,0.0022,474638825,474638825,1776002098247,True
272321697,70940.10,0.0039,474638826,474638827,1776002099185,True
272321698,70940.10,0.0045,474638828,474638829,1776002099621,True
272321699,70940.20,0.0030,474638830,474638830,1776002099932,False
272321700,70940.10,0.0016,474638831,474638831,1776002099999,True
272321701,70940.10,0.0020,474638832,474638832,1776002100267,True
272321702,70940.10,0.0016,474638833,474638833,1776002100975,True
272321703,70940.10,0.0015,474638834,474638834,1776002101244,True
272321704,70940.10,0.0017,474638835,474638835,1776002101583,True
272321705,70940.10,0.0019,474638836,474638836,1776002102109,True
272321706,70940.10,0.2120,474638837,474638837,1776002102573,True
272321707,70940.10,0.0019,474638838,474638838,1776002102899,True
272321708,70940.20,0.1028,474638839,474638840,1776002103118,False
272321709,70942.70,0.3718,474638841,474638842,1776002103118,False
272321710,70942.80,0.5254,474638843,474638843,1776002103118,False
272321711,70940.20,0.0046,474638844,474638845,1776002103316,True
272321712,70940.20,0.0017,474638846,474638846,1776002103475,True
272321713,70942.70,0.0063,474638847,474638847,1776002103499,False
272321714,70942.80,0.9937,474638848,474638848,1776002103499,False
272321715,70940.20,0.0039,474638849,474638850,1776002103715,True
272321716,70942.70,0.0039,474638851,474638851,1776002104112,False
272321717,70942.80,0.0210,474638852,474638852,1776002104112,False
272321718,70940.20,0.0054,474638853,474638855,1776002104806,True
272321719,70940.20,0.0021,474638856,474638856,1776002104994,True
272321720,70940.20,0.0021,474638857,474638857,1776002105246,True
272321721,70940.20,0.0016,474638858,474638858,1776002105665,True
272321722,70940.20,0.3340,474638859,474638861,1776002106113,True
272321723,70940.20,0.0016,474638862,474638862,1776002107079,True
272321724,70940.20,0.0021,474638863,474638863,1776002107267,True
272321725,70940.20,0.0022,474638864,474638864,1776002107951,True
272321726,70940.20,0.0022,474638865,474638865,1776002109089,True
272321727,70940.20,0.0022,474638866,474638866,1776002109282,True
272321728,70940.20,0.0161,474638867,474638867,1776002109908,True
272321729,70940.10,0.0320,474638868,474638868,1776002109908,True
272321730,70942.70,0.0020,474638869,474638869,1776002109927,False
272321731,70940.20,0.0020,474638870,474638870,1776002110066,True
272321732,70940.10,0.0025,474638871,474638872,1776002110066,True
272321733,70940.10,0.0022,474638873,474638873,1776002110284,True
272321734,70942.70,0.0030,474638874,474638874,1776002110487,False
272321735,70940.20,0.0024,474638875,474638875,1776002110657,True
272321736,70940.20,0.0006,474638876,474638876,1776002110986,True
272321737,70940.10,0.0009,474638877,474638877,1776002110986,True
272321738,70940.10,0.0018,474638878,474638878,1776002111741,True
272321739,70942.70,0.0032,474638879,474638879,1776002112229,False
272321740,70940.20,0.0021,474638880,474638880,1776002112563,True
272321741,70940.20,0.0011,474638881,474638881,1776002112683,True
272321742,70940.10,0.0004,474638882,474638882,1776002112683,True
272321743,70940.10,0.0030,474638883,474638883,1776002113146,True
272321744,70942.70,0.1411,474638884,474638884,1776002113474,False
272321745,70940.20,0.0023,474638885,474638885,1776002113721,True
272321746,70940.20,0.1387,474638886,474638886,1776002114071,True
272321747,70940.10,0.0048,474638887,474638888,1776002114071,True
272321748,70940.10,0.0020,474638889,474638889,1776002114547,True
272321749,70940.10,0.0021,474638890,474638890,1776002114791,True
272321750,70942.70,0.0020,474638891,474638891,1776002114918,False
272321751,70940.20,0.0020,474638892,474638892,1776002115453,True
272321752,70940.10,0.0015,474638893,474638893,1776002115666,True
272321753,70942.70,0.1411,474638894,474638894,1776002116386,False
272321754,70940.20,0.0037,474638895,474638896,1776002116616,True
272321755,70940.20,0.0609,474638897,474638898,1776002116964,True
272321756,70940.20,0.0765,474638899,474638899,1776002117199,True
272321757,70940.10,0.0687,474638900,474638902,1776002117199,True
272321758,70940.10,0.0024,474638903,474638903,1776002117531,True
272321759,70940.10,0.0035,474638904,474638904,1776002117730,True
272321760,70942.70,0.0018,474638905,474638905,1776002117923,False
272321761,70940.20,0.0018,474638906,474638906,1776002118965,True
272321762,70940.10,0.0001,474638907,474638907,1776002118965,True
272321763,70940.10,0.0039,474638908,474638909,1776002119296,True
272321764,70942.70,0.1411,474638910,474638910,1776002119397,False
272321765,70940.20,0.0019,474638911,474638911,1776002119510,True
272321766,70942.70,0.0020,474638912,474638912,1776002119951,False
272321767,70940.20,0.1411,474638913,474638914,1776002119984,True
272321768,70942.70,0.0030,474638915,474638915,1776002120234,False
272321769,70940.20,0.0030,474638916,474638917,1776002120268,True
272321770,70940.10,0.0002,474638918,474638918,1776002120328,True
272321771,70942.70,0.0035,474638919,474638919,1776002120888,False
272321772,70940.10,0.0060,474638920,474638920,1776002120889,True
272321773,70940.20,0.0023,474638921,474638921,1776002120985,True
272321774,70940.20,0.0012,474638922,474638922,1776002121735,True
272321775,70940.10,0.0003,474638923,474638923,1776002121735,True
272321776,70940.10,0.0015,474638924,474638924,1776002121928,True
272321777,70940.10,0.0018,474638925,474638925,1776002122053,True
272321778,70940.10,0.0992,474638926,474638926,1776002122407,True
272321779,70942.70,0.1411,474638927,474638927,1776002122759,False
272321780,70940.20,0.0058,474638928,474638929,1776002122800,True
272321781,70940.20,0.0155,474638930,474638930,1776002123110,True
272321782,70942.70,0.0310,474638931,474638931,1776002123124,False
272321783,70940.20,0.1411,474638932,474638933,1776002123321,True
272321784,70940.20,0.0015,474638934,474638934,1776002123613,True
272321785,70940.20,0.0016,474638935,474638935,1776002123905,True
272321786,70940.20,0.0016,474638936,474638936,1776002124061,True
272321787,70940.20,0.0015,474638937,474638937,1776002124942,True
272321788,70942.70,0.1431,474638938,474638940,1776002125048,False
272321789,70942.70,0.0060,474638941,474638941,1776002125381,False
272321790,70940.20,0.1456,474638942,474638945,1776002125608,True
272321791,70942.70,0.0155,474638946,474638946,1776002125872,False
272321792,70940.20,0.0155,474638947,474638948,1776002126247,True
272321793,70940.20,0.0039,474638949,474638950,1776002126549,True
272321794,70940.20,0.0030,474638951,474638951,1776002126857,True
272321795,70940.10,0.0017,474638952,474638952,1776002126879,True
272321796,70940.10,0.0019,474638953,474638953,1776002127333,True
272321797,70940.10,0.0018,474638954,474638954,1776002127663,True
272321798,70942.70,0.1411,474638955,474638955,1776002128773,False
272321799,70940.30,0.0036,474638956,474638957,1776002128847,True
272321800,70940.30,0.1375,474638958,474638958,1776002129309,True
272321801,70940.20,0.0036,474638959,474638959,1776002129309,True
272321802,70940.20,0.0019,474638960,474638960,1776002129655,True
272321803,70940.20,1.9945,474638961,474638961,1776002129801,True
272321804,70940.10,274.3273,474638962,474638974,1776002129801,True
272321805,70940.00,431.0862,474638975,474638994,1776002129834,True
272321806,70940.00,635.4000,474638995,474639029,1776002129989,True
272321807,70940.00,70.6000,474639030,474639031,1776002130090,True
272321808,70942.70,0.0020,474639032,474639032,1776002130097,False
272321809,70940.00,70.6000,474639033,474639034,1776002130106,True
272321810,70940.10,0.0020,474639035,474639035,1776002130115,True
272321811,70940.00,635.3980,474639036,474639054,1776002130115,True
272321812,70940.00,0.0016,474639055,474639055,1776002130534,True
272321813,70940.00,0.0015,474639056,474639056,1776002131127,True
272321814,70940.00,0.0036,474639057,474639058,1776002131230,True
272321815,70942.70,0.1411,474639059,474639060,1776002131408,False
272321816,70940.10,0.0016,474639061,474639061,1776002131865,True
272321817,70940.10,0.1361,474639062,474639062,1776002131994,True
272321818,70940.00,0.0050,474639063,474639063,1776002131994,True
272321819,70940.00,0.0016,474639064,474639064,1776002133306,True
272321820,70940.00,0.0046,474639065,474639066,1776002133559,True
272321821,70940.00,293.8524,474639067,474639076,1776002133700,True
272321822,70939.80,6.2179,474639077,474639077,1776002133736,True
272321823,70939.70,41.4766,474639078,474639078,1776002133736,True
272321824,70939.60,70.8578,474639079,474639081,1776002133736,True
272321825,70939.50,0.0033,474639082,474639083,1776002133744,True
272321826,70939.30,6.1428,474639084,474639084,1776002133744,True
272321827,70938.90,41.6324,474639085,474639086,1776002133744,True
272321828,70938.80,0.0039,474639087,474639088,1776002133751,True
272321829,70938.70,6.1599,474639089,474639089,1776002133751,True
272321830,70938.50,70.7860,474639090,474639094,1776002133751,True
272321831,70938.40,0.0055,474639095,474639097,1776002133757,True
272321832,70938.30,6.1489,474639098,474639098,1776002133757,True
272321833,70938.20,41.0152,474639099,474639100,1776002133757,True
272321834,70938.00,41.6595,474639101,474639101,1776002133788,True
272321835,70937.90,0.0020,474639102,474639102,1776002133788,True
272321836,70937.80,41.4375,474639103,474639104,1776002133788,True
272321837,70937.70,0.0024,474639105,474639105,1776002133798,True
272321838,70937.60,6.2249,474639106,474639106,1776002133798,True
272321839,70937.50,6.1887,474639107,474639107,1776002133798,True
272321840,70937.40,0.0041,474639108,474639109,1776002133798,True
272321841,70937.30,6.2342,474639110,474639114,1776002133798,True
272321842,70937.20,16.1150,474639115,474639117,1776002133798,True
272321843,70937.10,3.8395,474639118,474639118,1776002133798,True
272321844,70937.30,0.0020,474639119,474639119,1776002133881,True
272321845,70937.10,2.3157,474639120,474639120,1776002133881,True
272321846,70936.70,0.0057,474639121,474639123,1776002133881,True
272321847,70936.60,0.0040,474639124,474639125,1776002133881,True
272321848,70936.30,0.0101,474639126,474639130,1776002133881,True
272321849,70936.20,470.2121,474639131,474639148,1776002133881,True
272321850,70935.80,41.7213,474639149,474639150,1776002133927,True
272321851,70935.60,165.5810,474639151,474639157,1776002133936,True
272321852,70935.50,41.3001,474639158,474639159,1776002133955,True
272321853,70935.40,0.0042,474639160,474639161,1776002133971,True
272321854,70935.20,125.4438,474639162,474639171,1776002133971,True
272321855,70936.50,0.0020,474639172,474639172,1776002133992,True
272321856,70935.20,564.3980,474639173,474639188,1776002133992,True
272321857,70936.10,0.0015,474639189,474639189,1776002134106,True
272321858,70942.70,0.0030,474639190,474639190,1776002134283,False
272321859,70936.10,0.0005,474639191,474639191,1776002134520,True
272321860,70935.30,0.0010,474639192,474639192,1776002134520,True
272321861,70942.70,0.1411,474639193,474639193,1776002134673,False
272321862,70935.30,0.1431,474639194,474639195,1776002134835,True
272321863,70935.20,0.0071,474639196,474639197,1776002135070,True
272321864,70942.70,0.0020,474639198,474639198,1776002135276,False
272321865,70935.30,0.0020,474639199,474639199,1776002135459,True
272321866,70935.20,0.0002,474639200,474639200,1776002135459,True
272321867,70935.20,0.0015,474639201,474639201,1776002135877,True
272321868,70935.20,0.0037,474639202,474639203,1776002136383,True
272321869,70935.20,0.0016,474639204,474639204,1776002137069,True
272321870,70935.20,0.0079,474639205,474639206,1776002137218,True
272321871,70935.20,0.0099,474639207,474639208,1776002137432,True
272321872,70942.70,0.1411,474639209,474639209,1776002137740,False
272321873,70942.70,0.0060,474639210,474639210,1776002137844,False
272321874,70935.30,0.1411,474639211,474639212,1776002137990,True
272321875,70942.70,0.0060,474639213,474639213,1776002138076,False
272321876,70935.30,0.0119,474639214,474639215,1776002138383,True
272321877,70935.20,0.0036,474639216,474639216,1776002138383,True
272321878,70942.70,0.0155,474639217,474639217,1776002138393,False
272321879,70935.30,0.0155,474639218,474639218,1776002138466,True
272321880,70935.20,22.7633,474639219,474639224,1776002138466,True
272321881,70935.10,356.3268,474639225,474639240,1776002138466,True
272321882,70935.00,0.0024,474639241,474639241,1776002138509,True
272321883,70934.90,0.0053,474639242,474639244,1776002138509,True
272321884,70934.40,0.0109,474639245,474639249,1776002138509,True
272321885,70934.10,0.0080,474639250,474639253,1776002138509,True
272321886,70933.50,0.0040,474639254,474639254,1776002138509,True
272321887,70932.60,9.9563,474639255,474639255,1776002138509,True
272321888,70932.40,0.0015,474639256,474639256,1776002138509,True
272321889,70931.60,0.0042,474639257,474639258,1776002138509,True
272321890,70931.00,316.9018,474639259,474639270,1776002138509,True
272321891,70931.00,110.5452,474639271,474639274,1776002138648,True
272321892,70930.80,0.0020,474639275,474639275,1776002138659,True
272321893,70930.00,0.0320,474639276,474639277,1776002138659,True
272321894,70929.90,0.0038,474639278,474639279,1776002138659,True
272321895,70929.60,0.0044,474639280,474639281,1776002138659,True
272321896,70929.50,0.0020,474639282,474639282,1776002138659,True
272321897,70928.90,10.1128,474639283,474639283,1776002138659,True
272321898,70928.30,0.0076,474639284,474639287,1776002138659,True
272321899,70928.10,0.0063,474639288,474639290,1776002138659,True
272321900,70927.70,0.0016,474639291,474639291,1776002138659,True
272321901,70927.30,0.0020,474639292,474639292,1776002138659,True
272321902,70926.60,0.0065,474639293,474639295,1776002138659,True
272321903,70926.20,0.0580,474639296,474639296,1776002138659,True
272321904,70925.90,0.0037,474639297,474639298,1776002138659,True
272321905,70925.40,0.0043,474639299,474639300,1776002138659,True
272321906,70924.90,0.0070,474639301,474639303,1776002138659,True
272321907,70924.80,0.0015,474639304,474639304,1776002138659,True
272321908,70924.70,0.0017,474639305,474639305,1776002138659,True
272321909,70924.60,0.0043,474639306,474639307,1776002138659,True
272321910,70923.10,0.0116,474639308,474639311,1776002138659,True
272321911,70923.00,0.0293,474639312,474639326,1776002138659,True
272321912,70922.90,0.0221,474639327,474639337,1776002138659,True
272321913,70922.80,0.0041,474639338,474639339,1776002138659,True
272321914,70920.70,142.4341,474639340,474639346,1776002138659,True
272321915,70920.60,0.0062,474639347,474639349,1776002138674,True
272321916,70920.20,0.0020,474639350,474639350,1776002138674,True
272321917,70920.10,0.0125,474639351,474639356,1776002138674,True
272321918,70920.00,0.0313,474639357,474639358,1776002138674,True
272321919,70919.50,0.0034,474639359,474639360,1776002138674,True
272321920,70919.20,0.0015,474639361,474639361,1776002138674,True
272321921,70919.10,0.0083,474639362,474639365,1776002138674,True
272321922,70919.00,0.0041,474639366,474639367,1776002138674,True
272321923,70918.00,0.0043,474639368,474639369,1776002138674,True
272321924,70917.90,0.0063,474639370,474639372,1776002138674,True
272321925,70917.80,0.0053,474639373,474639375,1776002138674,True
272321926,70917.60,0.0037,474639376,474639377,1776002138674,True
272321927,70917.50,0.0016,474639378,474639378,1776002138674,True
272321928,70917.00,0.0081,474639379,474639382,1776002138674,True
272321929,70916.90,0.0078,474639383,474639386,1776002138674,True
272321930,70916.20,0.0048,474639387,474639389,1776002138674,True
272321931,70915.90,0.0271,474639390,474639402,1776002138674,True
272321932,70915.80,70.8270,474639403,474639412,1776002138674,True
272321933,70915.60,0.0022,474639413,474639413,1776002138678,True
272321934,70915.30,0.0042,474639414,474639415,1776002138678,True
272321935,70914.90,71.5864,474639416,474639426,1776002138678,True
272321936,70914.80,0.0041,474639427,474639428,1776002138683,True
272321937,70914.50,0.0056,474639429,474639431,1776002138683,True
272321938,70914.40,0.0047,474639432,474639433,1776002138683,True
272321939,70914.10,0.0052,474639434,474639436,1776002138683,True
272321940,70914.00,0.0015,474639437,474639437,1776002138683,True
272321941,70913.90,0.0041,474639438,474639439,1776002138683,True
272321942,70913.70,0.0260,474639440,474639440,1776002138683,True
272321943,70913.50,0.0021,474639441,474639441,1776002138683,True
272321944,70913.30,0.0035,474639442,474639443,1776002138683,True
272321945,70912.90,0.0041,474639444,474639445,1776002138683,True
272321946,70912.20,0.0021,474639446,474639446,1776002138683,True
272321947,70911.90,0.0067,474639447,474639449,1776002138683,True
272321948,70911.50,0.0305,474639450,474639450,1776002138683,True
272321949,70911.00,0.0040,474639451,474639452,1776002138683,True
272321950,70910.90,0.0057,474639453,474639455,1776002138683,True
272321951,70910.60,0.0824,474639456,474639456,1776002138683,True
272321952,70910.00,0.0332,474639457,474639459,1776002138683,True
272321953,70909.90,0.0053,474639460,474639462,1776002138683,True
272321954,70909.70,0.0080,474639463,474639466,1776002138683,True
272321955,70909.60,713.2502,474639467,474639488,1776002138683,True
272321956,70909.40,0.0082,474639489,474639492,1776002138768,True
272321957,70909.30,56.9641,474639493,474639494,1776002138768,True
272321958,70908.90,57.1134,474639495,474639496,1776002138777,True
272321959,70908.60,56.5177,474639497,474639498,1776002138783,True
272321960,70908.40,0.0022,474639499,474639499,1776002138789,True
272321961,70908.00,113.4919,474639500,474639502,1776002138789,True
272321962,70907.90,7.5584,474639503,474639503,1776002138797,True
272321963,70907.90,0.0146,474639504,474639506,1776002138960,True
272321964,70942.70,0.0100,474639507,474639507,1776002139137,False
272321965,70942.70,0.0481,474639508,474639508,1776002139293,False
272321966,70908.00,0.0100,474639509,474639510,1776002139293,True
272321967,70907.90,0.0217,474639511,474639511,1776002139293,True
272321968,70908.00,0.0332,474639512,474639515,1776002139316,True
272321969,70942.70,0.0061,474639516,474639516,1776002139323,False
272321970,70908.00,0.0149,474639517,474639517,1776002139328,True
272321971,70907.90,0.0422,474639518,474639518,1776002139328,True
272321972,70908.00,0.0061,474639519,474639519,1776002139342,True
272321973,70907.90,0.0009,474639520,474639520,1776002139342,True
272321974,70942.70,0.3706,474639521,474639522,1776002139906,False
272321975,70942.80,0.2676,474639523,474639523,1776002139906,False
272321976,70916.70,0.0015,474639524,474639524,1776002140105,True
272321977,70908.00,0.0009,474639525,474639525,1776002140105,True
272321978,70908.00,0.0020,474639526,474639526,1776002140397,True
272321979,70942.70,0.0029,474639527,474639527,1776002140737,False
272321980,70942.80,0.1382,474639528,474639528,1776002140737,False
272321981,70908.00,0.0020,474639529,474639529,1776002140860,True
272321982,70908.00,0.0045,474639530,474639531,1776002141001,True
272321983,70908.00,0.1411,474639532,474639533,1776002141301,True
272321984,70908.00,0.0019,474639534,474639534,1776002141708,True
272321985,70908.00,0.0090,474639535,474639535,1776002142011,True
272321986,70942.70,0.0016,474639536,474639536,1776002142178,False
272321987,70942.70,0.0280,474639537,474639537,1776002142315,False
272321988,70908.00,0.0015,474639538,474639538,1776002142643,True
272321989,70908.00,0.0060,474639539,474639539,1776002143030,True
272321990,70908.00,0.2342,474639540,474639543,1776002143155,True
272321991,70907.90,49.6204,474639544,474639545,1776002143233,True
272321992,70907.80,56.7081,474639546,474639547,1776002143233,True
272321993,70907.60,0.0023,474639548,474639548,1776002143246,True
272321994,70907.30,0.0039,474639549,474639550,1776002143246,True
272321995,70907.20,57.2257,474639551,474639552,1776002143246,True
272321996,70907.00,0.0035,474639553,474639554,1776002143253,True
272321997,70906.80,0.0102,474639555,474639559,1776002143253,True
272321998,70906.70,0.0016,474639560,474639560,1776002143253,True
272321999,70905.90,0.0046,474639561,474639562,1776002143253,True
272322000,70905.40,0.0022,474639563,474639563,1776002143253,True
272322001,70905.30,57.1513,474639564,474639565,1776002143253,True
272322002,70904.80,0.0036,474639566,474639567,1776002143261,True
272322003,70904.70,0.0059,474639568,474639570,1776002143261,True
272322004,70903.90,0.0020,474639571,474639571,1776002143261,True
272322005,70903.80,57.2613,474639572,474639575,1776002143261,True
272322006,70903.70,0.0047,474639576,474639578,1776002143261,True
272322007,70903.40,56.8338,474639579,474639580,1776002143261,True
272322008,70903.30,57.3734,474639581,474639582,1776002143266,True
272322009,70903.20,57.2358,474639583,474639584,1776002143272,True
272322010,70903.10,57.1493,474639585,474639587,1776002143278,True
272322011,70903.00,57.2423,474639588,474639588,1776002143284,True
272322012,70902.60,0.0108,474639589,474639594,1776002143284,True
272322013,70902.30,56.8667,474639595,474639596,1776002143284,True
272322014,70902.20,57.1926,474639597,474639598,1776002143292,True
272322015,70902.10,0.0063,474639599,474639601,1776002143299,True
272322016,70902.00,0.0085,474639602,474639605,1776002143299,True
272322017,70901.90,0.0097,474639606,474639610,1776002143300,True
272322018,70901.70,56.6567,474639611,474639613,1776002143300,True
272322019,70901.60,0.0043,474639614,474639615,1776002143314,True
272322020,70901.10,0.0017,474639616,474639616,1776002143314,True
272322021,70901.00,0.0033,474639617,474639618,1776002143314,True
272322022,70900.10,0.0148,474639619,474639626,1776002143314,True
272322023,70900.00,0.6531,474639627,474639630,1776002143314,True
272322024,70897.60,0.0370,474639631,474639631,1776002143314,True
272322025,70897.10,56.9462,474639632,474639637,1776002143314,True
272322026,70895.70,56.3771,474639638,474639638,1776002143345,True
272322027,70895.30,0.0016,474639639,474639639,1776002143345,True
272322028,70892.80,0.0042,474639640,474639641,1776002143345,True
272322029,70892.20,0.0065,474639642,474639644,1776002143345,True
272322030,70890.00,2.1469,474639645,474639645,1776002143345,True
272322031,70940.00,0.0021,474639646,474639646,1776002143347,False
272322032,70890.00,141.3657,474639647,474639652,1776002143347,True
272322033,70890.10,0.0021,474639653,474639653,1776002143366,True
272322034,70890.00,71.1627,474639654,474639656,1776002143366,True
272322035,70875.60,0.0120,474639657,474639657,1776002143371,True
272322036,70875.00,0.0136,474639658,474639664,1776002143371,True
272322037,70874.90,0.0195,474639665,474639674,1776002143371,True
272322038,70873.80,0.0016,474639675,474639675,1776002143371,True
272322039,70873.60,0.0136,474639676,474639682,1776002143371,True
272322040,70872.10,69.8749,474639683,474639684,1776002143371,True
272322041,70940.00,0.3706,474639685,474639686,1776002143374,False
272322042,70940.10,1.6294,474639687,474639687,1776002143374,False
272322043,70872.10,74.0369,474639688,474639691,1776002143374,True
272322044,70872.20,0.3707,474639692,474639693,1776002143384,True
272322045,70872.10,285.1719,474639694,474639702,1776002143384,True
272322046,70870.00,0.0020,474639703,474639703,1776002143445,True
272322047,70869.20,0.0074,474639704,474639707,1776002143445,True
272322048,70869.10,0.0024,474639708,474639708,1776002143445,True
272322049,70868.80,569.5326,474639709,474639728,1776002143445,True
272322050,70867.90,62.0690,474639729,474639732,1776002143504,True
272322051,70867.90,0.1638,474639733,474639738,1776002143692,True
272322052,70891.90,0.0060,474639739,474639739,1776002143821,True
272322053,70867.90,0.2173,474639740,474639749,1776002143821,True
272322054,70940.00,0.2746,474639750,474639751,1776002143905,False
272322055,70940.00,0.0020,474639752,474639752,1776002144310,False
272322056,70940.00,0.0201,474639753,474639754,1776002144429,False
272322057,70868.00,0.0022,474639755,474639755,1776002144549,True
272322058,70868.00,0.0060,474639756,474639756,1776002144654,True
272322059,70939.90,0.0060,474639757,474639757,1776002144891,False
272322060,70868.00,0.0016,474639758,474639758,1776002144980,True
272322061,70896.40,0.0015,474639759,474639759,1776002145406,True
272322062,70868.00,0.0024,474639760,474639761,1776002145406,True
272322063,70914.60,0.0020,474639762,474639762,1776002145725,True
272322064,70911.10,0.0020,474639763,474639763,1776002145822,True
272322065,70939.90,0.0060,474639764,474639764,1776002146134,False
272322066,70907.50,0.0020,474639765,474639765,1776002146202,True
272322067,70904.00,0.0020,474639766,474639766,1776002146202,True
272322068,70896.90,0.0020,474639767,474639767,1776002146202,True
272322069,70868.00,0.2967,474639768,474639769,1776002146202,True
272322070,70867.90,4.9311,474639770,474639771,1776002146202,True
272322071,70939.90,0.0008,474639772,474639772,1776002146391,False
272322072,70867.90,0.0020,474639773,474639773,1776002146584,True
272322073,70867.90,0.0041,474639774,474639774,1776002146695,True
272322074,70939.90,0.0155,474639775,474639775,1776002146971,False
272322075,70868.00,0.0155,474639776,474639776,1776002147316,True
272322076,70868.00,0.0009,474639777,474639777,1776002147568,True
272322077,70867.90,0.0010,474639778,474639778,1776002147568,True
272322078,70867.90,0.0023,474639779,474639779,1776002147734,True
272322079,70867.90,0.0021,474639780,474639780,1776002147865,True
272322080,70867.90,0.0016,474639781,474639781,1776002148046,True
272322081,70867.90,0.0018,474639782,474639782,1776002148331,True
272322082,70939.90,0.0042,474639783,474639783,1776002148413,False
272322083,70868.00,0.0042,474639784,474639784,1776002148434,True
272322084,70867.90,0.0018,474639785,474639785,1776002148434,True
272322085,70867.90,573.6354,474639786,474639804,1776002148572,True
272322086,70867.80,0.0067,474639805,474639808,1776002148669,True
272322087,70867.60,0.0076,474639809,474639809,1776002148669,True
272322088,70866.90,0.0279,474639810,474639810,1776002148669,True
272322089,70865.80,0.0016,474639811,474639811,1776002148669,True
272322090,70863.40,0.0018,474639812,474639812,1776002148669,True
272322091,70861.50,0.0036,474639813,474639814,1776002148669,True
272322092,70861.40,61.7154,474639815,474639815,1776002148669,True
272322093,70939.90,0.3713,474639816,474639817,1776002148670,False
272322094,70940.00,0.2203,474639818,474639818,1776002148670,False
272322095,70868.00,0.2290,474639819,474639819,1776002148685,True
272322096,70861.50,0.1425,474639820,474639820,1776002148685,True
272322097,70861.40,70.5810,474639821,474639823,1776002148685,True
272322098,70861.40,0.0140,474639824,474639824,1776002148856,True
272322099,70861.40,282.2000,474639825,474639832,1776002149007,True
272322100,70861.40,299.3508,474639833,474639842,1776002149108,True
272322101,70860.20,0.0015,474639843,474639843,1776002149188,True
272322102,70860.10,335.5977,474639844,474639858,1776002149188,True
272322103,70860.10,0.0019,474639859,474639859,1776002149321,True
272322104,70860.10,0.0410,474639860,474639862,1776002149560,True
272322105,70861.50,0.0030,474639863,474639863,1776002150059,False
272322106,70861.50,0.0080,474639864,474639864,1776002150433,False
272322107,70860.20,0.0019,474639865,474639865,1776002150575,True
272322108,70860.20,0.0036,474639866,474639868,1776002150832,True
272322109,70860.20,0.0021,474639869,474639869,1776002151184,True
272322110,70860.20,0.0035,474639870,474639870,1776002151337,True
272322111,70860.10,0.9965,474639871,474639871,1776002151337,True
272322112,70860.10,1.0000,474639872,474639872,1776002151666,True
272322113,70860.10,0.0019,474639873,474639873,1776002151907,True
272322114,70861.50,0.3720,474639874,474639877,1776002152026,False
272322115,70861.60,1.2466,474639878,474639878,1776002152026,False
272322116,70861.60,0.0032,474639879,474639879,1776002152561,False
272322117,70861.60,0.3440,474639880,474639880,1776002152782,False
272322118,70861.60,0.3435,474639881,474639881,1776002153123,False
272322119,70860.20,0.0016,474639882,474639882,1776002153385,True
272322120,70860.20,0.0053,474639883,474639885,1776002153600,True
272322121,70860.20,0.3650,474639886,474639887,1776002154405,True
272322122,70860.10,367.3726,474639888,474639900,1776002154405,True
272322123,70860.10,8.0807,474639901,474639905,1776002154511,True
272322124,70860.00,0.0178,474639906,474639914,1776002154511,True
272322125,70859.90,0.0305,474639915,474639915,1776002154511,True
272322126,70856.40,0.0068,474639916,474639916,1776002154511,True
272322127,70856.00,0.0230,474639917,474639928,1776002154511,True
272322128,70855.90,37.8084,474639929,474639929,1776002154511,True
272322129,70860.40,0.0016,474639930,474639930,1776002154513,False
272322130,70855.90,45.9672,474639931,474639932,1776002154531,True
272322131,70860.00,0.1420,474639933,474639933,1776002154541,False
272322132,70855.90,91.9344,474639934,474639936,1776002154559,True
272322133,70855.90,0.0021,474639937,474639937,1776002154884,True
272322134,70855.90,0.0036,474639938,474639939,1776002155032,True
272322135,70859.40,0.3718,474639940,474639941,1776002155529,False
272322136,70859.50,0.6282,474639942,474639942,1776002155529,False
272322137,70856.00,0.0030,474639943,474639943,1776002155737,True
272322138,70859.40,0.0029,474639944,474639944,1776002155802,False
272322139,70859.50,0.0288,474639945,474639945,1776002155802,False
272322140,70856.00,0.0036,474639946,474639947,1776002155880,True
272322141,70856.00,0.0036,474639948,474639949,1776002156234,True
272322142,70856.00,0.0016,474639950,474639950,1776002156545,True
272322143,70856.00,0.0279,474639951,474639951,1776002156700,True
272322144,70856.00,0.0024,474639952,474639952,1776002156820,True
272322145,70856.00,0.0018,474639953,474639953,1776002157583,True
272322146,70856.00,0.0437,474639954,474639954,1776002158153,True
272322147,70859.40,0.0018,474639955,474639955,1776002158206,False
272322148,70856.00,0.0243,474639956,474639958,1776002158336,True
272322149,70856.00,0.0037,474639959,474639960,1776002158741,True
272322150,70859.40,0.0827,474639961,474639961,1776002158937,False
272322151,70859.50,0.2695,474639962,474639962,1776002158937,False
272322152,70856.00,0.0020,474639963,474639963,1776002159021,True
272322153,70856.00,0.3414,474639964,474639965,1776002159327,True
272322154,70855.90,148.7862,474639966,474639973,1776002159327,True
272322155,70856.00,1.0000,474639974,474639974,1776002159398,True
272322156,70855.90,149.1856,474639975,474639983,1776002159398,True
272322157,70855.90,118.4568,474639985,474639993,1776002159511,True
272322158,70855.90,0.0018,474639994,474639994,1776002159873,True
272322159,70855.90,0.0049,474639995,474639996,1776002160586,True
272322160,70855.90,0.0160,474639997,474639998,1776002160797,True
272322161,70855.90,0.0100,474640000,474640000,1776002160996,True
272322162,70855.90,0.0040,474640001,474640001,1776002161389,True
272322163,70857.60,0.0030,474640002,474640002,1776002161484,False
272322164,70857.60,0.0175,474640003,474640004,1776002161988,False
272322165,70857.60,0.0030,474640005,474640005,1776002162223,False
272322166,70857.60,0.0020,474640006,474640006,1776002162349,False
272322167,70856.00,0.0255,474640007,474640008,1776002162352,True
272322168,70855.90,0.0213,474640009,474640009,1776002162361,True
272322169,70857.60,0.0039,474640010,474640011,1776002163147,False
272322170,70857.60,0.0021,474640012,474640012,1776002163259,False
272322171,70856.00,0.0060,474640013,474640013,1776002164386,True
272322172,70855.90,0.0110,474640014,474640014,1776002164386,True
272322173,70857.60,0.0034,474640015,474640017,1776002164495,False
272322174,70855.90,0.0016,474640018,474640018,1776002164556,True
272322175,70855.90,0.0107,474640019,474640019,1776002164689,True
272322176,70857.60,0.0021,474640020,474640020,1776002164967,False
272322177,70857.60,0.0200,474640021,474640021,1776002165297,False
272322178,70857.60,0.0016,474640022,474640022,1776002165419,False
272322179,70857.50,0.0020,474640023,474640023,1776002165801,False
272322180,70856.00,0.0020,474640024,474640024,1776002165902,True
272322181,70857.50,0.0019,474640025,474640025,1776002165952,False
272322182,70856.00,0.0020,474640026,474640026,1776002166125,True
272322183,70857.50,0.1764,474640027,474640027,1776002166149,False
272322184,70857.50,0.0041,474640028,474640029,1776002167237,False
272322185,70857.50,0.0022,474640030,474640030,1776002167567,False
272322186,70856.00,0.0030,474640032,474640032,1776002168000,True
272322187,70857.50,0.0060,474640033,474640033,1776002168229,False
272322188,70856.00,0.0060,474640034,474640034,1776002168733,True
272322189,70857.50,0.1663,474640035,474640036,1776002168891,False
272322190,70857.60,0.8337,474640037,474640037,1776002168891,False
272322191,70857.60,0.0022,474640038,474640038,1776002169303,False
272322192,70857.60,0.0042,474640039,474640040,1776002169430,False
272322193,70857.60,0.0024,474640041,474640041,1776002169965,False
272322194,70857.60,0.0030,474640042,474640042,1776002170285,False
272322195,70856.00,0.0040,474640043,474640043,1776002170408,True
272322196,70857.50,0.0017,474640044,474640044,1776002170519,False
272322197,70857.50,0.0021,474640045,474640045,1776002170717,False
272322198,70857.50,0.0002,474640046,474640046,1776002171176,False
272322199,70857.60,0.0018,474640047,474640047,1776002171176,False
272322200,70857.60,0.0022,474640048,474640048,1776002171662,False
272322201,70857.60,0.0019,474640049,474640049,1776002172006,False
272322202,70857.60,0.0023,474640050,474640050,1776002172347,False
272322203,70857.60,0.0015,474640051,474640051,1776002172662,False
272322204,70856.00,0.0110,474640052,474640052,1776002173070,True
272322205,70857.50,0.0017,474640053,474640053,1776002173261,False
272322206,70857.50,0.0016,474640054,474640054,1776002173570,False
272322207,70856.00,0.0030,474640055,474640055,1776002173696,True
272322208,70857.50,0.0019,474640056,474640056,1776002173749,False
272322209,70857.50,0.0087,474640057,474640060,1776002174266,False
272322210,70857.60,0.0013,474640061,474640061,1776002174325,False
272322211,70857.60,0.0021,474640062,474640062,1776002174552,False
272322212,70856.00,0.0060,474640063,474640063,1776002174685,True
272322213,70857.50,0.0060,474640064,474640065,1776002174855,False
272322214,70857.60,0.0022,474640066,474640066,1776002174913,False
272322215,70857.60,0.0020,474640067,474640067,1776002175258,False
272322216,70856.00,0.3564,474640068,474640069,1776002175381,True
272322217,70856.00,0.0100,474640070,474640070,1776002175889,True
272322218,70857.50,0.0018,474640071,474640071,1776002176271,False
272322219,70857.50,0.0021,474640072,474640072,1776002177132,False
272322220,70856.00,0.0018,474640073,474640073,1776002177299,True
272322221,70857.50,0.0023,474640074,474640074,1776002177413,False
272322222,70857.50,0.0016,474640075,474640075,1776002177702,False
272322223,70857.50,0.0016,474640076,474640076,1776002178025,False
272322224,70857.50,0.0024,474640077,474640077,1776002178582,False
272322225,70856.00,0.0146,474640078,474640079,1776002179210,True
272322226,70855.90,0.0100,474640080,474640080,1776002179210,True
272322227,70857.50,0.0015,474640081,474640081,1776002179620,False
272322228,70857.50,0.0041,474640082,474640083,1776002179755,False
272322229,70857.50,0.0035,474640084,474640084,1776002179918,False
272322230,70857.50,0.0019,474640085,474640085,1776002180493,False
272322231,70856.00,0.0060,474640086,474640086,1776002180511,True
272322232,70857.50,0.0129,474640087,474640088,1776002181119,False
272322233,70857.50,0.0017,474640089,474640089,1776002181365,False
272322234,70857.50,0.0018,474640090,474640090,1776002182055,False
272322235,70857.50,0.0690,474640091,474640091,1776002183094,False
272322236,70857.50,0.0016,474640092,474640092,1776002183331,False
272322237,70857.50,0.0022,474640093,474640093,1776002183467,False
272322238,70857.50,0.0020,474640094,474640094,1776002183993,False
272322239,70857.50,0.0022,474640095,474640095,1776002184154,False
272322240,70857.50,0.0690,474640096,474640096,1776002184642,False
272322241,70857.50,0.0030,474640097,474640097,1776002184930,False
272322242,70857.50,0.0018,474640098,474640098,1776002185194,False
272322243,70856.00,0.0704,474640099,474640099,1776002185560,True
272322244,70857.50,0.0039,474640100,474640101,1776002185764,False
272322245,70857.50,0.0035,474640102,474640103,1776002186683,False
272322246,70857.50,0.0023,474640104,474640104,1776002187447,False
272322247,70857.50,0.0016,474640105,474640105,1776002187986,False
272322248,70857.50,0.2578,474640106,474640108,1776002188616,False
272322249,70857.60,0.0810,474640109,474640109,1776002188680,False
272322250,70856.00,0.0030,474640110,474640110,1776002188873,True
272322251,70857.50,0.0030,474640111,474640112,1776002189277,False
272322252,70857.60,0.0007,474640113,474640113,1776002189368,False
272322253,70857.60,0.0020,474640114,474640114,1776002189818,False
272322254,70856.00,0.0065,474640115,474640116,1776002190044,True
272322255,70857.50,0.0030,474640117,474640117,1776002190317,False
272322256,70857.50,0.0016,474640118,474640118,1776002190530,False
272322257,70856.00,0.0060,474640119,474640119,1776002190548,True
272322258,70857.50,0.0020,474640120,474640121,1776002190682,False
272322259,70856.00,0.3649,474640122,474640123,1776002190748,True
272322260,70856.00,0.5022,474640124,474640125,1776002191447,False
272322261,70856.00,0.0015,474640126,474640126,1776002191599,False
272322262,70856.00,0.0015,474640127,474640127,1776002191866,False
272322263,70856.00,0.0017,474640128,474640128,1776002192100,False
272322264,70856.00,0.0022,474640129,474640129,1776002192265,False
272322265,70856.00,0.0081,474640130,474640131,1776002192664,False
272322266,70855.90,0.0130,474640132,474640133,1776002192775,True
272322267,70856.00,0.0041,474640134,474640135,1776002192885,False
272322268,70856.00,0.0060,474640136,474640136,1776002193290,False
272322269,70856.00,0.0022,474640137,474640137,1776002193764,False
272322270,70855.90,0.0046,474640138,474640138,1776002193804,True
272322271,70855.90,0.0060,474640139,474640139,1776002194088,True
272322272,70856.00,0.0017,474640140,474640140,1776002194281,False
272322273,70856.00,0.7413,474640141,474640141,1776002194755,False
272322274,70856.00,0.0020,474640142,474640142,1776002194940,False
272322275,70856.00,0.0015,474640143,474640143,1776002195326,False
272322276,70856.00,0.0016,474640144,474640144,1776002195529,False
272322277,70855.90,0.0070,474640145,474640146,1776002195730,True
272322278,70856.00,0.0060,474640147,474640147,1776002195815,False
272322279,70856.00,0.0018,474640148,474640148,1776002196232,False
272322280,70856.00,0.0021,474640149,474640149,1776002196406,False
272322281,70856.00,0.0019,474640150,474640150,1776002197103,False
272322282,70856.00,0.0021,474640151,474640151,1776002197661,False
272322283,70856.00,0.0030,474640152,474640153,1776002198600,False
272322284,70856.00,0.0038,474640154,474640155,1776002199474,False
272322285,70856.00,0.0037,474640156,474640157,1776002200926,False
272322286,70856.00,0.0037,474640158,474640159,1776002201082,False
272322287,70856.00,1.9689,474640160,474640162,1776002202302,False
272322288,70857.50,0.0020,474640163,474640163,1776002202302,False
272322289,70857.60,1.5538,474640164,474640164,1776002202302,False
272322290,70857.50,0.0020,474640165,474640165,1776002202345,False
272322291,70857.50,0.0017,474640166,474640166,1776002202786,False
272322292,70857.50,0.0054,474640167,474640168,1776002202963,False
272322293,70857.50,0.1761,474640169,474640170,1776002203190,False
272322294,70857.60,0.8239,474640171,474640171,1776002203190,False
272322295,70857.60,0.0017,474640172,474640172,1776002203612,False
272322296,70857.60,0.0043,474640173,474640174,1776002204031,False
272322297,70856.00,0.0090,474640175,474640175,1776002204359,True
272322298,70857.50,0.0016,474640176,474640176,1776002204882,False
272322299,70856.00,0.0030,474640177,474640177,1776002205309,True
272322300,70857.50,0.0015,474640178,474640178,1776002205465,False
272322301,70857.50,0.0016,474640179,474640179,1776002205567,False
272322302,70857.50,0.0018,474640180,474640180,1776002206216,False
272322303,70857.50,0.0029,474640181,474640182,1776002206333,False
272322304,70857.50,0.0015,474640183,474640183,1776002206581,False
272322305,70857.50,0.0011,474640184,474640184,1776002206987,False
272322306,70857.60,0.0013,474640185,474640185,1776002206987,False
272322307,70856.00,0.0016,474640186,474640186,1776002207122,True
272322308,70856.00,0.0015,474640187,474640187,1776002207275,True
272322309,70856.00,0.0020,474640188,474640188,1776002207635,True
272322310,70857.50,0.0020,474640189,474640189,1776002208151,False
272322311,70857.50,0.0019,474640190,474640190,1776002208489,False
272322312,70857.50,0.0012,474640191,474640191,1776002208804,False
272322313,70857.60,0.0003,474640192,474640192,1776002208804,False
272322314,70856.00,0.1762,474640193,474640193,1776002209190,True
272322315,70857.50,0.0018,474640194,474640194,1776002209303,False
272322316,70857.50,0.0038,474640195,474640196,1776002210404,False
272322317,70857.50,0.0022,474640197,474640197,1776002210518,False
272322318,70857.50,0.0054,474640198,474640199,1776002211139,False
272322319,70857.50,0.0018,474640200,474640200,1776002211863,False
272322320,70857.50,0.0017,474640201,474640201,1776002212031,False
272322321,70857.50,0.0016,474640202,474640202,1776002212417,False
272322322,70857.50,0.0018,474640203,474640203,1776002212746,False
272322323,70857.50,0.0058,474640204,474640205,1776002213197,False
272322324,70857.50,0.0043,474640206,474640207,1776002213583,False
272322325,70856.00,0.2244,474640208,474640209,1776002213670,True
272322326,70855.90,0.4801,474640210,474640210,1776002213670,True
272322327,70855.90,0.0030,474640211,474640211,1776002213799,True
272322328,70857.50,0.1008,474640212,474640213,1776002213978,False
272322329,70857.50,0.0040,474640214,474640214,1776002214262,False
272322330,70857.50,0.0047,474640215,474640216,1776002215155,False
272322331,70857.50,0.0040,474640217,474640217,1776002215270,False
272322332,70857.50,0.0018,474640218,474640218,1776002215498,False
272322333,70857.50,0.2550,474640219,474640220,1776002215655,False
272322334,70857.60,1.9302,474640221,474640221,1776002215655,False
272322335,70857.70,16.9224,474640222,474640222,1776002215655,False
272322336,70857.80,16.9224,474640223,474640224,1776002215656,False
272322337,70858.00,16.9224,474640225,474640226,1776002215672,False
272322338,70858.60,16.9224,474640227,474640227,1776002215679,False
272322339,70859.00,16.9224,474640228,474640229,1776002215679,False
272322340,70859.10,151.7019,474640230,474640238,1776002215687,False
272322341,70859.30,9.3641,474640239,474640240,1776002215742,False
272322342,70859.30,0.0039,474640241,474640242,1776002216102,False
272322343,70859.30,0.0019,474640243,474640243,1776002216796,False
272322344,70856.00,0.3702,474640244,474640245,1776002216957,True
272322345,70855.90,0.3135,474640246,474640246,1776002216957,True
272322346,70859.20,0.0023,474640247,474640247,1776002217116,False
272322347,70859.20,0.0022,474640248,474640248,1776002217484,False
272322348,70859.20,0.0016,474640249,474640249,1776002217946,False
272322349,70859.20,0.0023,474640250,474640250,1776002218119,False
272322350,70859.20,0.0018,474640251,474640251,1776002218262,False
272322351,70856.00,0.0060,474640252,474640252,1776002218512,True
272322352,70859.20,0.0060,474640253,474640253,1776002219388,False
272322353,70859.20,0.0017,474640254,474640254,1776002219631,False
272322354,70859.20,0.0021,474640255,474640255,1776002220054,False
272322355,70856.00,0.0140,474640256,474640256,1776002220231,True
272322356,70855.90,0.0059,474640257,474640257,1776002220231,True
272322357,70855.90,0.0040,474640258,474640258,1776002220754,True
272322358,70859.20,0.0019,474640259,474640259,1776002221237,False
272322359,70859.20,0.3682,474640260,474640261,1776002221479,False
272322360,70859.30,91.7647,474640262,474640264,1776002221479,False
272322361,70859.40,0.0146,474640265,474640272,1776002221506,False
272322362,70859.50,109.1676,474640273,474640278,1776002221506,False
272322363,70859.60,50.5673,474640279,474640280,1776002221521,False
272322364,70859.80,101.1346,474640281,474640283,1776002221535,False
272322365,70859.90,13.5552,474640284,474640285,1776002221547,False
272322366,70860.00,96.3925,474640286,474640288,1776002221561,False
272322367,70860.10,0.0079,474640289,474640292,1776002221578,False
272322368,70860.30,59.5224,474640293,474640295,1776002221578,False
272322369,70860.40,62.8880,474640296,474640298,1776002221597,False
272322370,70860.70,30.4776,474640299,474640300,1776002221603,False
272322371,70860.80,0.0060,474640301,474640301,1776002221603,False
272322372,70860.90,16.9224,474640302,474640302,1776002221603,False
272322373,70861.00,13.5552,474640303,474640304,1776002221603,False
272322374,70861.10,13.5552,474640305,474640305,1776002221610,False
272322375,70861.30,45.9672,474640306,474640306,1776002221610,False
272322376,70861.50,5.2924,474640307,474640307,1776002221610,False
272322377,70856.00,0.0700,474640308,474640308,1776002221631,True
272322378,70859.10,0.0020,474640309,474640309,1776002221858,False
272322379,70861.40,0.0691,474640310,474640310,1776002221858,False
272322380,70861.40,0.0009,474640311,474640311,1776002222045,False
272322381,70861.50,0.0047,474640312,474640313,1776002222045,False
272322382,70856.00,0.0060,474640314,474640314,1776002222388,True
272322383,70861.40,0.0018,474640315,474640315,1776002222734,False
272322384,70861.40,0.0021,474640316,474640316,1776002223105,False
272322385,70861.40,0.0020,474640317,474640318,1776002223683,False
272322386,70861.50,0.0015,474640319,474640319,1776002223714,False
272322387,70856.00,0.0016,474640320,474640320,1776002224300,True
272322388,70861.40,0.0016,474640321,474640321,1776002224843,False
272322389,70861.50,1.4097,474640322,474640322,1776002224867,False
272322390,70861.50,0.0015,474640323,474640323,1776002225271,False
272322391,70861.50,0.0029,474640324,474640324,1776002225378,False
272322392,70861.50,0.0041,474640325,474640326,1776002225663,False
272322393,70861.50,0.0024,474640327,474640327,1776002226196,False
272322394,70861.50,0.0100,474640328,474640328,1776002226476,False
272322395,70861.50,0.0019,474640329,474640329,1776002227404,False
272322396,70861.50,0.0017,474640330,474640330,1776002227858,False
272322397,70856.00,0.0035,474640332,474640332,1776002227963,True
272322398,70861.40,0.0017,474640333,474640333,1776002227997,False
272322399,70861.40,0.0018,474640334,474640334,1776002228234,False
272322400,70861.50,0.0082,474640335,474640335,1776002228234,False
272322401,70861.50,0.0033,474640336,474640337,1776002229479,False
272322402,70861.50,0.0018,474640338,474640338,1776002230083,False
272322403,70856.00,0.0030,474640339,474640339,1776002230141,True
272322404,70861.40,0.0024,474640340,474640340,1776002230186,False
272322405,70861.40,0.0006,474640341,474640341,1776002230374,False
272322406,70861.50,0.0024,474640342,474640342,1776002230374,False
272322407,70861.50,0.0020,474640343,474640343,1776002230588,False
272322408,70856.00,0.0060,474640344,474640344,1776002230978,True
272322409,70861.40,0.0015,474640345,474640345,1776002231367,False
272322410,70861.40,0.0024,474640346,474640346,1776002231513,False
272322411,70856.00,0.0089,474640347,474640347,1776002231522,True
272322412,70861.40,0.0110,474640348,474640350,1776002232207,False
272322413,70861.50,0.0332,474640351,474640351,1776002232280,False
272322414,70861.50,0.0020,474640352,474640352,1776002232817,False
272322415,70861.50,0.0040,474640353,474640354,1776002233014,False
272322416,70861.50,0.8732,474640355,474640355,1776002233971,False
272322417,70861.50,0.0032,474640356,474640357,1776002234366,False
272322418,70861.50,0.0024,474640358,474640358,1776002234607,False
272322419,70861.50,0.0060,474640359,474640359,1776002234873,False
272322420,70861.50,0.0015,474640360,474640360,1776002235020,False
272322421,70857.60,0.0060,474640361,474640361,1776002235119,True
272322422,70861.40,0.0022,474640362,474640362,1776002235698,False
272322423,70861.40,0.0022,474640363,474640363,1776002236372,False
272322424,70861.40,0.0016,474640364,474640364,1776002237348,False
272322425,70861.50,0.0343,474640365,474640367,1776002237348,False
272322426,70861.50,0.0020,474640368,474640368,1776002237507,False
272322427,70861.50,0.0017,474640369,474640369,1776002238089,False
272322428,70861.50,0.0023,474640370,474640370,1776002238467,False
272322429,70857.60,0.0060,474640371,474640371,1776002238489,True
272322430,70857.60,0.0030,474640372,474640372,1776002239293,True
272322431,70861.50,0.0020,474640373,474640373,1776002239315,False
272322432,70861.50,0.0018,474640374,474640374,1776002239426,False
272322433,70857.60,0.3628,474640375,474640377,1776002239673,True
272322434,70857.50,0.2143,474640378,474640378,1776002239673,True
272322435,70861.50,0.0023,474640379,474640379,1776002240071,False
272322436,70861.50,0.0016,474640380,474640380,1776002240711,False
272322437,70861.50,0.0015,474640381,474640381,1776002240931,False
272322438,70857.50,0.0020,474640382,474640382,1776002240945,True
272322439,70861.50,0.0021,474640383,474640383,1776002241362,False
272322440,70861.50,0.0023,474640384,474640384,1776002242069,False
272322441,70861.50,0.0021,474640385,474640385,1776002242377,False
272322442,70861.50,0.0017,474640386,474640386,1776002243385,False
272322443,70861.50,0.0016,474640387,474640387,1776002243490,False
272322444,70861.50,0.0079,474640388,474640389,1776002244136,False
272322445,70861.50,0.0015,474640390,474640390,1776002244259,False
272322446,70861.50,0.0021,474640391,474640391,1776002245246,False
272322447,70861.50,0.0015,474640392,474640392,1776002245526,False
272322448,70861.50,0.0020,474640393,474640393,1776002245631,False
272322449,70861.50,0.0024,474640394,474640394,1776002246240,False
272322450,70857.50,0.0060,474640395,474640395,1776002246274,True
272322451,70857.50,0.7777,474640396,474640396,1776002246666,True
272322452,70857.50,0.0019,474640397,474640397,1776002246816,False
272322453,70855.90,0.0016,474640398,474640398,1776002246919,True
272322454,70857.50,0.8786,474640399,474640400,1776002247243,False
272322455,70860.50,0.3698,474640401,474640402,1776002247260,False
272322456,70861.50,0.2557,474640403,474640404,1776002247260,False
272322457,70861.50,0.0019,474640405,474640405,1776002247475,False
272322458,70861.50,0.0306,474640406,474640407,1776002248855,False
272322459,70861.50,0.0094,474640408,474640410,1776002249275,False
272322460,70861.50,0.0018,474640411,474640411,1776002249388,False
272322461,70856.00,0.0060,474640412,474640412,1776002249553,True
272322462,70861.50,0.0044,474640413,474640414,1776002250664,False
272322463,70861.50,0.0042,474640415,474640416,1776002250906,False
272322464,70861.50,0.0020,474640417,474640417,1776002251979,False
272322465,70861.50,0.0016,474640418,474640418,1776002252261,False
272322466,70861.50,0.0040,474640419,474640420,1776002252458,False
272322467,70856.00,0.2829,474640421,474640422,1776002252619,True
272322468,70861.50,0.0019,474640423,474640423,1776002253161,False
272322469,70861.50,0.0120,474640424,474640425,1776002253469,False
272322470,70861.50,0.0023,474640426,474640426,1776002253634,False
272322471,70861.50,0.0023,474640427,474640427,1776002254318,False
272322472,70861.50,0.0019,474640428,474640428,1776002254482,False
272322473,70861.50,0.0016,474640429,474640429,1776002255271,False
272322474,70861.50,0.0075,474640430,474640431,1776002255412,False
272322475,70861.50,0.0024,474640432,474640432,1776002255746,False
272322476,70856.00,0.0807,474640433,474640433,1776002255927,True
272322477,70855.90,0.0016,474640434,474640434,1776002256352,True
272322478,70856.00,0.0034,474640435,474640436,1776002257116,False
272322479,70856.00,0.0016,474640437,474640437,1776002257556,False
272322480,70856.00,0.0060,474640438,474640438,1776002257816,False
272322481,70856.00,0.0016,474640439,474640439,1776002258187,False
272322482,70856.00,0.0100,474640440,474640440,1776002258377,False
272322483,70856.00,0.0017,474640441,474640441,1776002258713,False
272322484,70856.00,0.0016,474640442,474640442,1776002258975,False
272322485,70856.00,0.0015,474640443,474640443,1776002259686,False
272322486,70856.00,0.0022,474640444,474640444,1776002259960,False
272322560,70861.50,0.0024,474640531,474640531,1776002291151,False
272322561,70861.50,0.0023,474640532,474640532,1776002291520,False
272322562,70861.50,0.0018,474640533,474640533,1776002291631,False
272322563,70855.90,0.0030,474640534,474640534,1776002291851,True
272322564,70861.50,0.0018,474640535,474640535,1776002293187,False
272322565,70855.90,0.0016,474640536,474640536,1776002293645,True
272322566,70861.50,0.0035,474640537,474640538,1776002293756,False
272322567,70861.50,0.0030,474640539,474640539,1776002294470,False
272322568,70861.50,0.0022,474640540,474640540,1776002294833,False
272322569,70861.50,0.0015,474640541,474640541,1776002295300,False
272322570,70855.90,0.0060,474640542,474640542,1776002295486,True
272322571,70861.50,0.0022,474640543,474640543,1776002295647,False
272322572,70855.90,0.2143,474640544,474640544,1776002295915,True
272322573,70861.50,0.0015,474640545,474640545,1776002296027,False
272322574,70861.50,0.0023,474640546,474640546,1776002296332,False
272322575,70861.50,0.0017,474640547,474640547,1776002296958,False
272322576,70861.50,0.0668,474640548,474640549,1776002297364,False
272322577,70864.50,0.0017,474640550,474640550,1776002297401,False
272322578,70864.60,0.0060,474640551,474640553,1776002297401,False
272322579,70866.10,0.0060,474640554,474640554,1776002297401,False
272322580,70866.60,0.0015,474640555,474640555,1776002297401,False
272322581,70870.80,0.3694,474640556,474640559,1776002297401,False
272322582,70870.90,0.1136,474640560,474640561,1776002297401,False
272322583,70859.40,0.0022,474640562,474640562,1776002297846,True
272322584,70856.00,0.0100,474640563,474640563,1776002297975,True
272322585,70859.40,0.0020,474640564,474640564,1776002298186,True
272322586,70859.40,0.0016,474640565,474640565,1776002298596,True
272322587,70861.50,0.0060,474640566,474640566,1776002298793,False
272322588,70859.40,0.0024,474640567,474640567,1776002299429,True
272322589,70859.30,0.0045,474640568,474640570,1776002299550,True
272322590,70858.00,0.0020,474640571,474640571,1776002299732,True
272322591,70856.00,0.0685,474640572,474640572,1776002299732,True
272322592,70859.30,0.0020,474640573,474640573,1776002300085,True
272322593,70856.00,0.2969,474640574,474640575,1776002300163,True
272322594,70856.00,0.0021,474640576,474640576,1776002300731,False
272322595,70856.00,0.0040,474640577,474640578,1776002302149,False
272322596,70856.00,0.0042,474640579,474640580,1776002302360,False
272322597,70855.90,0.0030,474640581,474640581,1776002303479,True
272322598,70855.90,0.0022,474640582,474640582,1776002303650,True
272322599,70856.00,0.0030,474640583,474640583,1776002303711,False
272322600,70855.90,23.0662,474640584,474640584,1776002304268,True
272322601,70855.90,0.0017,474640585,474640585,1776002304807,True
272322602,70856.00,0.5727,474640586,474640586,1776002304844,False
272322603,70857.00,0.0020,474640587,474640587,1776002304844,False
272322604,70859.30,0.0103,474640588,474640592,1776002304844,False
272322605,70861.50,0.3693,474640593,474640594,1776002304844,False
272322606,70861.60,0.7039,474640595,474640595,1776002304844,False
272322607,70855.90,0.0015,474640596,474640596,1776002304851,True
272322608,70856.00,0.0070,474640597,474640599,1776002304992,True
272322609,70861.50,0.0035,474640600,474640600,1776002305053,False
272322610,70861.60,0.1045,474640601,474640601,1776002305053,False
272322611,70861.50,0.0016,474640602,474640602,1776002305145,False
272322612,70861.50,0.0019,474640603,474640603,1776002305364,False
272322613,70861.60,0.0016,474640604,474640604,1776002305364,False
272322614,70856.00,0.0015,474640605,474640605,1776002306581,True
272322615,70856.00,0.0020,474640606,474640606,1776002306704,True
272322616,70861.50,0.0030,474640607,474640607,1776002306909,False
272322617,70856.00,0.0041,474640608,474640609,1776002307598,True
272322618,70856.00,0.0020,474640610,474640610,1776002308084,True
272322619,70856.00,0.0056,474640611,474640612,1776002308440,True
272322620,70857.00,0.0021,474640613,474640613,1776002308578,True
272322621,70856.00,0.0009,474640614,474640614,1776002308578,True
272322622,70857.00,0.0021,474640615,474640615,1776002308814,False
272322623,70861.50,0.0039,474640616,474640617,1776002308814,False
272322624,70857.00,0.0016,474640618,474640618,1776002309114,True
272322625,70856.00,0.0020,474640619,474640619,1776002309132,True
272322626,70856.90,0.0043,474640620,474640621,1776002310444,True
272322627,70856.90,0.0022,474640622,474640622,1776002310980,True
272322628,70857.00,0.0016,474640623,474640623,1776002312115,True
272322629,70856.10,0.0060,474640624,474640624,1776002313261,True
272322630,70856.90,0.0018,474640625,474640625,1776002313401,True
272322631,70856.10,0.0016,474640626,474640626,1776002313852,True
272322632,70861.50,0.0020,474640627,474640627,1776002314285,False
272322633,70856.10,0.0023,474640628,474640628,1776002314285,True
272322634,70856.10,0.0060,474640629,474640629,1776002314486,True
272322635,70856.10,0.0042,474640630,474640631,1776002315018,True
272322636,70856.10,0.0023,474640632,474640632,1776002315507,True
272322637,70856.10,0.0020,474640633,474640633,1776002316041,True
272322638,70856.10,0.0018,474640634,474640634,1776002316484,True
272322639,70856.10,0.0031,474640635,474640636,1776002316787,True
272322640,70856.10,0.0019,474640637,474640637,1776002317514,True
272322641,70856.10,0.0045,474640638,474640639,1776002318557,True
272322642,70856.10,0.0015,474640640,474640640,1776002318992,True
272322643,70856.10,0.0020,474640641,474640641,1776002319163,True
272322644,70856.10,0.0017,474640642,474640642,1776002320076,True
272322645,70856.10,0.0024,474640643,474640643,1776002320222,True
272322646,70856.10,0.0021,474640644,474640644,1776002320326,True
272322647,70856.10,0.3146,474640645,474640646,1776002320488,True
272322648,70856.00,0.4537,474640647,474640647,1776002320488,True
272322649,70856.00,0.0016,474640648,474640648,1776002320638,True
272322650,70856.00,0.0016,474640649,474640649,1776002320747,True
272322651,70861.50,0.0020,474640650,474640650,1776002320923,False
272322652,70856.00,0.0015,474640651,474640651,1776002321622,True
272322653,70856.00,0.0023,474640652,474640652,1776002321864,True
272322654,70856.00,0.0023,474640653,474640653,1776002322784,True
272322655,70856.00,0.0021,474640654,474640654,1776002322934,True
272322656,70856.00,0.0020,474640655,474640655,1776002323134,True
272322657,70861.50,0.0020,474640656,474640656,1776002324074,False
272322658,70856.00,0.0019,474640657,474640657,1776002324630,True
272322659,70856.00,0.0024,474640658,474640658,1776002325214,True
272322660,70856.00,0.0021,474640659,474640659,1776002325343,True
272322661,70856.00,0.0040,474640660,474640661,1776002325764,True
272322662,70856.00,0.0019,474640662,474640662,1776002325912,True
272322663,70856.00,0.0155,474640663,474640663,1776002326369,True
272322664,70861.50,0.0171,474640664,474640665,1776002326381,False
272322665,70856.00,0.0042,474640666,474640667,1776002326794,True
272322666,70861.50,0.0060,474640668,474640668,1776002326885,False
272322667,70856.00,0.0015,474640669,474640669,1776002327900,True
272322668,70856.00,0.0023,474640670,474640670,1776002328053,True
272322669,70856.00,0.0090,474640671,474640671,1776002328514,True
272322670,70856.00,0.0020,474640672,474640672,1776002328616,True
272322671,70856.00,0.0060,474640673,474640673,1776002328759,True
272322672,70856.00,0.0015,474640674,474640674,1776002328985,True
272322673,70856.10,0.0020,474640675,474640675,1776002329169,False
272322674,70856.00,0.0022,474640676,474640676,1776002329841,True
